1888 3168
638 184 761 212 tumr.
796 184 850 212 DE
882 181 1114 213 MAG1sTa0.
1495 174 1575 215 541

186 263 334 293 nonne
367 258 529 293 temere
559 247 780 295 dicerem?
807 253 890 294 An.
919 253 1097 295 Temere
1132 251 1313 297 omnino
1341 268 1349 296 :
1380 251 1456 296 sed
1494 268 1584 297 non

188 329 350 365 temere
371 320 501 380 plane
523 319 703 377 diceres,
724 322 766 366 Si
781 322 915 366 homo
933 330 1012 376 est,
1030 321 1190 366 animal
1208 331 1286 367 est.
1313 325 1426 368 Am.
1446 326 1581 368 Recte

186 391 308 437 dieis.
339 396 493 454 Itaque
514 393 561 437 in
591 391 814 438 locutione
837 403 912 438 tua
948 392 1093 453 placet
1112 393 1246 448 mihi,
1280 394 1339 451 si,
1375 394 1520 454 placet
1541 405 1586 441 et

186 461 268 506 tibi
305 482 315 508 ε
356 463 531 524 utrique
571 473 718 509 autem
751 473 950 509 nostrum
983 463 1030 508 in
1061 478 1158 508 mea
1193 463 1420 524 displicet,
1461 467 1579 526 quia.

185 536 267 577 An.
295 533 531 579 Assentior.
558 537 672 580 Am.
700 533 812 580 Vide
827 535 920 595 jam
940 543 1092 578 utrum
1121 533 1214 578 istae
1235 533 1335 579 duae
1359 537 1585 581 sententiae

186 604 316 665 plena
360 606 644 666 pronuntiata
693 607 781 651 sint
807 623 818 650 .·
855 605 1027 668 placet,
1073 606 1134 665 si,
1189 605 1415 666 displicet,
1461 609 1579 669 quia.

185 678 268 720 An.
307 675 442 721 Plena
468 677 662 722 omnino.
698 680 812 722 Am.
848 680 941 737 Age
969 693 1113 732 nunc,
1145 676 1216 721 dic
1237 676 1369 732 mihi,
1395 694 1494 738 quae
1517 678 1582 722 ibi

185 747 271 792 sint
287 748 438 805 verba,
464 765 564 810 quae
581 749 774 795 nomina.
797 752 879 794 AD.
905 749 1049 793 Verba
1065 748 1127 793 ibi
1140 748 1269 794 video
1287 764 1393 805 esse,
1419 749 1579 809 placet,

186 827 253 874 et,
275 818 476 879 displicet
498 839 506 865 :
532 820 711 865 nomina
731 836 835 865 vero
857 819 966 881 quid
989 818 1108 864 aliud
1130 835 1279 881 quam,
1306 820 1356 875 si,
1374 829 1433 876 et,
1454 820 1583 881 quia?

185 891 300 935 Ace.
318 892 406 935 Has
428 906 532 951 ergo
552 890 660 936 duas
674 891 1005 952 conjunctiones
1023 891 1153 935 etiam
1170 890 1350 936 nomina
1372 906 1463 936 esse
1486 892 1586 936 satis

187 961 424 1021 probatum
447 971 525 1007 est.
551 965 633 1007 AD.
668 966 848 1008 Prorsus
880 963 995 1007 satis.
1022 965 1136 1008 Avo.
1174 966 1375 1008 Potes-ne
1396 962 1487 1023 ipse
1507 978 1585 1023 per

189 1042 229 1077 te
246 1034 292 1078 in
314 1033 406 1079 aliis
423 1034 622 1095 partibus
640 1035 848 1082 orationis
870 1036 954 1082 hoc
966 1033 1084 1082 idem
1098 1034 1154 1081 ad
1168 1035 1368 1082 eamdem
1385 1034 1584 1095 regulam

186 1104 370 1150 docere?
391 1109 476 1151 AD.
503 1109 702 1152 Possum.

187 1275 398 1292 mmmmm
403 1275 684 1294 mmmm
688 1276 1040 1295 mmmmm
1045 1277 1326 1295 ΎΙΜΝΙΑΛΜΜΜ
1332 1276 1582 1295 WUMMWWAEU

697 1413 919 1463 CAPUT
962 1413 1051 1463 VI.

577 1544 734 1607 Signa
753 1547 830 1591 sui
848 1546 1190 1608 sigmfieativcc.

246 1682 389 1725 XVII.
416 1682 530 1726 Ace.
566 1682 854 1726 TRANSEAMUS
877 1696 981 1741 ergo
1002 1681 1105 1726 hinc
1122 1716 1132 1736 ,
1165 1690 1209 1725 et
1236 1681 1327 1742 jam
1357 1681 1427 1727 dic
1450 1683 1585 1740 mihi,

187 1761 336 1797 utrum
350 1752 463 1798 sicut
484 1752 630 1798 omnia
647 1754 782 1798 verba
804 1753 999 1809 nomina,
1026 1762 1069 1797 et
1088 1753 1234 1798 omnia
1255 1754 1434 1798 nomina
1455 1755 1589 1800 Verba

187 1839 277 1869 esse
300 1823 594 1883 comperimus
611 1858 622 1878 ,
656 1823 717 1869 ita
738 1823 819 1868 tibi
849 1832 893 1869 et
915 1824 1060 1869 omnia
1083 1824 1261 1870 nomina
1281 1825 1515 1881 vocabula,
1547 1835 1591 1870 et

187 1895 333 1940 omnia
354 1894 568 1940 voeabula
596 1895 774 1941 nomina
803 1911 893 1940 esse
920 1894 1166 1941 videantur.
1198 1899 1281 1941 An.
1313 1890 1446 1941 Plane
1477 1898 1590 1943 inter

187 1967 282 2011 haec
315 1966 424 2027 quid
444 1966 576 2011 distet
597 1976 756 2027 praeter
784 1965 1004 2012 diversum
1023 1965 1292 2025 syllabarum
1318 1984 1476 2013 sonum
1501 1984 1592 2014 non

187 2037 330 2082 video.
375 2041 490 2083 Auo.
536 2039 625 2083 Nec
661 2052 742 2097 ego
787 2038 963 2082 interim
994 2037 1166 2094 resisto,
1208 2055 1463 2100 quanquam
1500 2056 1591 2087 non

189 2105 353 2164 desint,
379 2108 456 2169 qui
485 2108 615 2153 etiam
648 2108 963 2167 significatione
992 2108 1071 2153 ista
1093 2108 1349 2154 discernunt
1365 2146 1375 2166 ,
1401 2127 1591 2171 quorum

188 2179 448 2224 sententiam
481 2178 616 2225 modo
649 2180 923 2225 considerare
955 2196 1047 2225 non
1079 2197 1189 2242 opus
1228 2191 1307 2226 est.
1356 2182 1440 2227 Sed
1475 2193 1592 2228 certe

190 2249 495 2295 animadvertis
519 2249 575 2295 ad
596 2266 645 2295 ea
659 2252 749 2311 jam
763 2251 884 2310 signa
904 2267 983 2296 nos
1006 2252 1268 2311 pervenisse,
1294 2269 1394 2313 quae
1412 2269 1456 2297 se
1478 2253 1594 2299 invi-

191 2336 286 2366 cem
307 2320 576 2379 significent,
608 2320 731 2365 nulla
754 2330 912 2381 praeter
929 2337 1085 2367 sonum
1112 2322 1339 2380 distantia,
1365 2333 1409 2369 et
1435 2341 1533 2386 quae
1551 2341 1594 2369 se

191 2392 283 2452 ipsa
308 2392 555 2451 significent
588 2408 688 2437 cum
719 2393 885 2445 caeteris
908 2392 1112 2438 omnibus
1138 2394 1335 2454 partibus
1368 2396 1590 2441 orationis.

193 2466 276 2508 An.
313 2465 413 2508 Non
447 2462 659 2522 intelligo.
699 2466 814 2508 Am.
848 2465 946 2509 Non
979 2479 1080 2523 ergo
1114 2465 1318 2525 intelligis
1352 2476 1396 2511 et
1434 2483 1595 2512 nomen

195 2534 411 2581 vocabulo
429 2544 472 2581 et
485 2534 751 2582 vocabulum
769 2536 946 2581 nomine
963 2536 1215 2595 significari,
1236 2547 1279 2583 et
1296 2539 1353 2583 ita
1368 2548 1417 2584 ut
1436 2549 1593 2599 praeter
