1888 3168
269 171 351 209 304
707 182 739 206 5.
777 178 1008 207 Accessum
1041 179 1223 206 Episcopi

265 247 520 293 vindicavit.
557 249 608 290 Ε.
648 249 797 290 Manet
827 262 930 306 ergo
953 245 1025 290 illa
1049 245 1246 290 definitio
1275 253 1371 289 tuta
1399 254 1442 289 et
1462 247 1656 305 probata.

268 325 318 365 A.
351 321 501 362 Manet
526 332 643 361 vero.
678 319 729 361 E.
757 317 945 361 Ubinam
975 332 1078 375 ergo
1106 315 1315 377 deceptus
1343 317 1468 360 sum?
1490 319 1541 360 A.
1576 317 1660 362 Ubi

268 390 431 450 rogavi,
457 398 607 433 utrum
625 404 756 433 omne
774 388 895 449 quod
912 403 1002 433 non
1018 387 1126 432 latet
1143 389 1304 433 sciatur
1330 408 1338 433 ε
1356 397 1406 432 tu
1427 388 1545 432 enim
1561 388 1663 432 huic

268 460 483 521 rogationi
506 469 668 504 temere
692 475 885 505 assensus
899 474 956 503 es.
979 461 1030 503 E.
1049 462 1159 505 Nam
1176 459 1283 520 quid
1299 458 1432 504 velles
1449 457 1665 503 dicerem?

268 538 321 579 Α.
346 536 443 578 Non
465 532 678 577 continuo
701 547 789 575 esse
812 531 1038 575 scientiam
1056 531 1088 575 si
1118 531 1225 592 quid
1245 547 1336 579 non
1362 530 1468 575 latet
1503 549 1512 574 :
1537 530 1613 575 sed
1635 528 1670 573 si

273 622 349 666 per
375 604 587 649 rationem
610 620 700 648 non
720 603 827 647 latet
853 622 861 648 :
887 618 989 647 cum
1015 613 1161 647 autem
1178 618 1256 663 per
1273 618 1430 662 corpus
1443 618 1533 647 non
1544 600 1666 657 latet,

273 691 447 721 sensum
461 675 605 720 vocari
622 711 631 729 ‚
659 675 692 718 si
708 690 785 734 per
803 690 846 718 se
865 674 1004 734 ipsam
1028 690 1119 719 non
1135 673 1270 718 lateat
1295 673 1488 733 corporis
1509 672 1665 734 passio.

270 752 339 792 An
356 748 525 806 ignoras
544 744 810 807 quibusdam
823 745 1094 805 philosophis
1110 754 1153 789 et
1169 744 1386 805 peracutis
1397 744 1540 789 visum
1557 759 1665 800 esse,

270 836 325 864 ne
354 820 399 864 id
431 820 572 880 ipsum
610 817 788 879 quidem
830 817 952 879 quod
984 827 1132 863 mente
1168 817 1583 878 comprehenditur,
1617 814 1673 860 ad

271 906 435 936 nomen
454 890 640 950 aspirare
661 889 871 945 scientiae,
890 890 972 934 nisi
994 900 1082 935 tam
1102 890 1229 934 firma
1246 888 1578 950 comprehensio
1589 887 1644 932 sit
1657 921 1669 942 ‚

272 973 324 1008 ut
345 964 399 1008 ab
425 980 472 1007 ca
507 978 629 1007 mens
653 960 774 1006 nulla
796 962 964 1006 ratione
987 971 1120 1023 queat
1137 961 1379 1007 dimoveri?

334 1038 447 1079 LIX.
475 1037 527 1078 E,
556 1033 735 1093 Accipio
770 1034 849 1078 ista
884 1033 1122 1092 gratissime
1148 1053 1156 1078 :
1187 1033 1262 1077 sed
1291 1047 1440 1093 quaeso
1463 1030 1675 1093 quoniam

274 1105 381 1165 quid
404 1105 458 1149 sit
480 1120 649 1159 sensus,
667 1103 947 1148 subtilissime
969 1113 1184 1165 quantum
1199 1104 1386 1148 arbitror
1409 1101 1675 1163 explicatum

274 1186 364 1232 cst,
398 1175 637 1220 referamus
660 1190 738 1219 nos
762 1174 817 1218 ad
845 1174 967 1219 illam
989 1175 1301 1235 quaestionem,
1332 1183 1511 1234 propter
1543 1185 1676 1233 quam

273 1247 580 1309 explicandum
604 1248 688 1292 hoc
722 1262 1065 1307 susceperamus.
1095 1245 1342 1291 Attuleram
1360 1247 1477 1290 enim
1504 1259 1582 1303 ego
1605 1259 1677 1287 ar-

278 1329 535 1380 gumentum
553 1355 563 1374 ,
581 1335 670 1380 quo
687 1328 850 1363 tantam
870 1319 1104 1378 probarem
1119 1319 1307 1363 animam
1328 1333 1418 1362 esse
1431 1353 1442 1373 ,
1462 1324 1680 1378 quantum

275 1394 365 1453 ejus
381 1401 443 1436 est
461 1407 617 1451 corpus
630 1428 640 1446 ,
662 1406 713 1435 eo
730 1390 851 1452 quod
869 1399 1121 1448 tangentem
1136 1405 1159 1433 a
1178 1390 1319 1449 eapite
1336 1404 1472 1449 usque
1488 1387 1543 1432 ad
1556 1385 1678 1447 pedis

277 1473 518 1508 extremum
539 1461 744 1522 pollicem
772 1461 904 1506 sentit
925 1475 1278 1521 quaquaversum
1303 1459 1517 1519 tetigeris,
1547 1467 1679 1519 atquc

276 1533 378 1579 inde
411 1534 467 1578 ad
500 1548 650 1578 sensus
675 1533 977 1576 definitionem
1004 1547 1228 1576 morarum
1257 1530 1573 1591 plenissimam,
1603 1527 1680 1573 sed

276 1606 390 1650 sorte
413 1604 653 1649 necessario
669 1602 806 1647 delati
824 1618 988 1647 sumus.
1017 1606 1172 1663 Itaque
1188 1602 1334 1662 ipsum
1352 1602 1549 1646 fructum
1569 1599 1680 1644 tanti

278 1676 418 1737 operis
429 1677 519 1736 jam
543 1673 724 1719 ostende
736 1708 746 1728 ‚
764 1673 797 1717 si
812 1673 970 1733 placet.
988 1676 1039 1717 A.
1056 1676 1135 1717 Est
1149 1673 1328 1717 omnino
1340 1708 1351 1728 ‚
1369 1682 1500 1734 atque
1514 1670 1682 1716 uberri-

280 1764 375 1793 mus
394 1762 516 1791 :nam
530 1755 673 1791 totum
691 1744 812 1805 quod
830 1745 1152 1805 quaerebamus,
1174 1744 1382 1789 effectum
1400 1753 1478 1789 est.
1506 1744 1549 1789 Si
1565 1743 1681 1787 enim

279 1835 426 1864 sensus
443 1828 506 1862 est
517 1816 707 1876 corporis
721 1817 860 1876 passio
883 1832 961 1876 per
976 1832 1019 1860 se
1041 1817 1182 1876 ipsam
1203 1831 1294 1860 non
1307 1815 1446 1860 latens
1460 1815 1648 1859 animam
1667 1849 1678 1869 ‚

281 1890 403 1952 quod
424 1898 473 1932 ut
491 1887 732 1931 firmissime
751 1896 998 1930 teneremus
1011 1922 1021 1941 ,
1040 1886 1205 1930 (liutius
1221 1901 1354 1945 quam
1370 1884 1503 1930 velles
1522 1900 1683 1929 sermo-

281 1961 414 2008 cinati
455 1975 631 2014 sumus,
657 1958 976 2002 meministi-ne
999 1957 1178 2002 tandem
1214 1972 1293 2002 nos
1326 1957 1585 2016 comperisse
1620 1956 1682 2000 ibi

282 2033 439 2078 sentire
470 2030 619 2075 oculos
642 2029 719 2073 ubi
742 2044 831 2072 non
852 2038 977 2083 sunt,
1009 2028 1079 2071 vel
1101 2028 1246 2088 potius
1274 2027 1332 2071 ibi
1360 2027 1477 2087 pati?
1505 2030 1557 2071 E.
1583 2030 1681 2071 Mo-

282 2105 404 2149 mini.
426 2108 479 2148 A.
501 2103 644 2147 Etiam
662 2100 774 2144 illud
789 2099 966 2155 dedisti,
987 2100 1067 2143 nisi
1081 2099 1233 2154 fallor,
1259 2114 1339 2143 nec
1357 2097 1490 2143 modo
1508 2097 1682 2143 dubitas

283 2175 480 2220 dandum
502 2172 654 2227 fuisse,
680 2172 869 2216 animam
891 2170 1049 2227 multo,
1081 2186 1215 2231 quam
1236 2179 1380 2214 totum
1409 2185 1567 2229 corpus
1591 2178 1678 2225 est,

284 2264 373 2293 esse
395 2247 619 2291 meliorem
642 2261 689 2289 ac
710 2244 1016 2305 potentiorem.
1039 2246 1091 2287 E.
1116 2243 1229 2288 Hinc
1247 2257 1351 2287 vero
1379 2240 1577 2286 dubitare
1603 2256 1683 2285 ne·-

284 2319 442 2364 farium
464 2327 589 2378 puto.
615 2320 667 2361 A.
690 2319 781 2375 Age
794 2352 808 2372 ,
830 2316 864 2360 si
886 2331 1043 2376 corpus
1062 2322 1204 2375 potest
1225 2313 1285 2357 ibi
1306 2313 1397 2373 pati
1420 2311 1588 2373 aliquid
1602 2312 1682 2373 ubi

286 2407 375 2435 non
389 2399 467 2444 est,
489 2398 667 2449 propter
681 2386 917 2448 quamdam
934 2402 1035 2431 cum
1052 2386 1196 2430 anima
1213 2384 1677 2445 contemperationem,

285 2462 406 2522 quod
429 2461 563 2506 oculis
589 2461 632 2504 in
667 2458 886 2504 cernendo
910 2458 1105 2503 accidere
1122 2458 1351 2502 inventum
1373 2466 1461 2513 est,
1487 2456 1681 2501 adeo-nc

287 2534 474 2578 animam
497 2547 680 2578 crassam
700 2541 742 2575 et
765 2531 928 2591 pigram
954 2539 1180 2590 putamus,
1208 2546 1284 2590 per
1306 2545 1439 2592 quam
1462 2528 1543 2589 ipsi
1561 2524 1676 2573 oculi
