<?xml version="1.0" encoding="UTF-8"?>
<!DOCTYPE html PUBLIC "-//W3C//DTD XHTML 1.0 Transitional//EN"
    "http://www.w3.org/TR/xhtml1/DTD/xhtml1-transitional.dtd">
<html xmlns="http://www.w3.org/1999/xhtml" xml:lang="en" lang="en">
 <head>
  <title>
</title>
<meta http-equiv="Content-Type" content="text/html;charset=utf-8" />
  <meta name='ocr-system' content='tesseract 3.04.00' />
  <meta name='ocr-capabilities' content='ocr_page ocr_carea ocr_par ocr_line ocrx_word'/>
</head>
<body>
  <div class='ocr_page' id='page_1' title='image "./operaomniaaccura01auguuoft_0555.png"; bbox 0 0 1888 3168; ppageno 0'>
   <div class='ocr_carea' id='block_1_1' title="bbox 207 215 1614 2418">
    <p class='ocr_par' dir='ltr' id='par_1_1' title="bbox 207 215 1614 2418">
     <span class='ocr_line' id='line_1_1' title="bbox 671 215 1601 253; baseline 0 0"><span class='ocrx_word' id='word_1_1' title='bbox 671 227 795 253; x_wconf 74' lang='lat' dir='ltr'>Lquu</span> <span class='ocrx_word' id='word_1_2' title='bbox 829 226 882 252; x_wconf 78' lang='lat' dir='ltr'>DE</span> <span class='ocrx_word' id='word_1_3' title='bbox 915 226 1143 253; x_wconf 60' lang='lat' dir='ltr'>MAcls&#39;ruo.</span> <span class='ocrx_word' id='word_1_4' title='bbox 1518 215 1601 253; x_wconf 72' lang='lat'>,545</span> 
     </span>
     <span class='ocr_line' id='line_1_2' title="bbox 211 290 1604 353; baseline 0.001 -19"><span class='ocrx_word' id='word_1_5' title='bbox 211 299 337 335; x_wconf 83' lang='lat' dir='ltr'>sonat</span> <span class='ocrx_word' id='word_1_6' title='bbox 354 305 454 335; x_wconf 90' lang='lat' dir='ltr'>cum</span> <span class='ocrx_word' id='word_1_7' title='bbox 472 290 672 346; x_wconf 77' lang='lat' dir='ltr'><strong>dicimus,</strong></span> <span class='ocrx_word' id='word_1_8' title='bbox 693 291 864 350; x_wconf 82' lang='lat' dir='ltr'>signum</span> <span class='ocrx_word' id='word_1_9' title='bbox 885 306 1060 351; x_wconf 87' lang='lat' dir='ltr'>prorsus</span> <span class='ocrx_word' id='word_1_10' title='bbox 1072 292 1216 336; x_wconf 88' lang='lat' dir='ltr'>omnia</span> <span class='ocrx_word' id='word_1_11' title='bbox 1231 291 1391 352; x_wconf 84' lang='lat' dir='ltr'>quibus</span> <span class='ocrx_word' id='word_1_12' title='bbox 1407 290 1604 353; x_wconf 83' lang='lat' dir='ltr'>quidque</span> 
     </span>
     <span class='ocr_line' id='line_1_3' title="bbox 211 360 1607 422; baseline 0.001 -18"><span class='ocrx_word' id='word_1_13' title='bbox 211 360 481 420; x_wconf 81' lang='lat' dir='ltr'>significatur</span> <span class='ocrx_word' id='word_1_14' title='bbox 522 361 736 421; x_wconf 83' lang='lat' dir='ltr'>significat</span> <span class='ocrx_word' id='word_1_15' title='bbox 776 381 785 407; x_wconf 91' lang='lat'>:</span> <span class='ocrx_word' id='word_1_16' title='bbox 824 377 914 407; x_wconf 92' lang='lat' dir='ltr'>non</span> <span class='ocrx_word' id='word_1_17' title='bbox 943 371 1089 406; x_wconf 89' lang='lat' dir='ltr'>autem</span> <span class='ocrx_word' id='word_1_18' title='bbox 1136 362 1333 407; x_wconf 89' lang='lat' dir='ltr'>omnium</span> <span class='ocrx_word' id='word_1_19' title='bbox 1381 363 1607 422; x_wconf 81' lang='lat' dir='ltr'>signorum</span> 
     </span>
     <span class='ocr_line' id='line_1_4' title="bbox 211 431 1609 495; baseline 0.001 -20"><span class='ocrx_word' id='word_1_20' title='bbox 211 432 383 490; x_wconf 82' lang='lat' dir='ltr'>signum</span> <span class='ocrx_word' id='word_1_21' title='bbox 397 441 460 476; x_wconf 89' lang='lat' dir='ltr'>est</span> <span class='ocrx_word' id='word_1_22' title='bbox 481 447 582 476; x_wconf 87' lang='lat' dir='ltr'>cum</span> <span class='ocrx_word' id='word_1_23' title='bbox 604 431 804 489; x_wconf 96' lang='lat' dir='ltr'>dicimus,</span> <span class='ocrx_word' id='word_1_24' title='bbox 819 433 1018 488; x_wconf 86' lang='lat' dir='ltr'>verbum,</span> <span class='ocrx_word' id='word_1_25' title='bbox 1034 431 1111 477; x_wconf 88' lang='lat' dir='ltr'>sed</span> <span class='ocrx_word' id='word_1_26' title='bbox 1133 442 1305 477; x_wconf 86' lang='lat' dir='ltr'>tantum</span> <span class='ocrx_word' id='word_1_27' title='bbox 1322 448 1491 490; x_wconf 81' lang='lat' dir='ltr'>eorum,</span> <span class='ocrx_word' id='word_1_28' title='bbox 1507 449 1609 495; x_wconf 83' lang='lat' dir='ltr'>quae</span> 
     </span>
     <span class='ocr_line' id='line_1_5' title="bbox 212 503 1608 566; baseline 0.001 -19"><span class='ocrx_word' id='word_1_29' title='bbox 212 503 439 549; x_wconf 83' lang='lat' dir='ltr'>articulata</span> <span class='ocrx_word' id='word_1_30' title='bbox 452 519 559 549; x_wconf 89' lang='lat' dir='ltr'>voce</span> <span class='ocrx_word' id='word_1_31' title='bbox 580 503 878 565; x_wconf 84' lang='lat' dir='ltr'>proferuntur.</span> <span class='ocrx_word' id='word_1_32' title='bbox 896 504 1021 549; x_wconf 81' lang='lat' dir='ltr'>Unde</span> <span class='ocrx_word' id='word_1_33' title='bbox 1036 503 1314 549; x_wconf 84' lang='lat' dir='ltr'>manifestum</span> <span class='ocrx_word' id='word_1_34' title='bbox 1340 514 1423 561; x_wconf 85' lang='lat' dir='ltr'>est,</span> <span class='ocrx_word' id='word_1_35' title='bbox 1447 521 1608 566; x_wconf 88' lang='lat' dir='ltr'>quam-</span> 
     </span>
     <span class='ocr_line' id='line_1_6' title="bbox 211 574 1608 636; baseline 0.001 -17"><span class='ocrx_word' id='word_1_36' title='bbox 211 575 274 620; x_wconf 88' lang='lat' dir='ltr'>vis</span> <span class='ocrx_word' id='word_1_37' title='bbox 297 584 339 620; x_wconf 91' lang='lat' dir='ltr'>et</span> <span class='ocrx_word' id='word_1_38' title='bbox 354 575 541 620; x_wconf 88' lang='lat' dir='ltr'>verbum</span> <span class='ocrx_word' id='word_1_39' title='bbox 566 576 704 636; x_wconf 80' lang='lat' dir='ltr'>signo,</span> <span class='ocrx_word' id='word_1_40' title='bbox 726 576 953 635; x_wconf 83' lang='lat' dir='ltr'>etsignum</span> <span class='ocrx_word' id='word_1_41' title='bbox 974 575 1126 632; x_wconf 85' lang='lat' dir='ltr'>verbo,</span> <span class='ocrx_word' id='word_1_42' title='bbox 1161 574 1207 620; x_wconf 90' lang='lat' dir='ltr'>id</span> <span class='ocrx_word' id='word_1_43' title='bbox 1229 586 1306 632; x_wconf 90' lang='lat' dir='ltr'>est,</span> <span class='ocrx_word' id='word_1_44' title='bbox 1329 585 1372 620; x_wconf 87' lang='lat' dir='ltr'>et</span> <span class='ocrx_word' id='word_1_45' title='bbox 1393 576 1493 620; x_wconf 76' lang='lat' dir='ltr'>duae</span> <span class='ocrx_word' id='word_1_46' title='bbox 1515 577 1608 621; x_wconf 77' lang='lat' dir='ltr'>istae</span> 
     </span>
     <span class='ocr_line' id='line_1_7' title="bbox 211 645 1609 707; baseline 0.001 -18"><span class='ocrx_word' id='word_1_47' title='bbox 211 645 390 704; x_wconf 78' lang='lat' dir='ltr'>syllabae</span> <span class='ocrx_word' id='word_1_48' title='bbox 411 646 510 703; x_wconf 88' lang='lat' dir='ltr'>illis,</span> <span class='ocrx_word' id='word_1_49' title='bbox 537 647 680 692; x_wconf 84' lang='lat' dir='ltr'>etillae</span> <span class='ocrx_word' id='word_1_50' title='bbox 697 648 786 693; x_wconf 88' lang='lat' dir='ltr'>istis</span> <span class='ocrx_word' id='word_1_51' title='bbox 809 648 1128 706; x_wconf 75' lang='lat' dir='ltr'>significentur,</span> <span class='ocrx_word' id='word_1_52' title='bbox 1145 646 1244 707; x_wconf 90' lang='lat' dir='ltr'>plus</span> <span class='ocrx_word' id='word_1_53' title='bbox 1266 657 1413 692; x_wconf 84' lang='lat' dir='ltr'>tamen</span> <span class='ocrx_word' id='word_1_54' title='bbox 1435 648 1609 706; x_wconf 80' lang='lat' dir='ltr'>signum</span> 
     </span>
     <span class='ocr_line' id='line_1_8' title="bbox 211 717 1607 781; baseline 0.001 -19"><span class='ocrx_word' id='word_1_55' title='bbox 211 717 355 762; x_wconf 88' lang='lat' dir='ltr'>valere</span> <span class='ocrx_word' id='word_1_56' title='bbox 377 735 510 779; x_wconf 88' lang='lat' dir='ltr'>quam</span> <span class='ocrx_word' id='word_1_57' title='bbox 530 720 715 765; x_wconf 84' lang='lat' dir='ltr'>verbum</span> <span class='ocrx_word' id='word_1_58' title='bbox 731 756 740 773; x_wconf 85' lang='lat'>‚</span> <span class='ocrx_word' id='word_1_59' title='bbox 765 719 892 781; x_wconf 85' lang='lat' dir='ltr'>plura</span> <span class='ocrx_word' id='word_1_60' title='bbox 915 718 1079 765; x_wconf 89' lang='lat' dir='ltr'>scilicet</span> <span class='ocrx_word' id='word_1_61' title='bbox 1098 717 1182 763; x_wconf 91' lang='lat' dir='ltr'>illis</span> <span class='ocrx_word' id='word_1_62' title='bbox 1205 718 1378 763; x_wconf 87' lang='lat' dir='ltr'>duabus</span> <span class='ocrx_word' id='word_1_63' title='bbox 1401 718 1577 778; x_wconf 81' lang='lat' dir='ltr'>syllabis</span> <span class='ocrx_word' id='word_1_64' title='bbox 1595 754 1607 775; x_wconf 80' lang='lat'>,</span> 
     </span>
     <span class='ocr_line' id='line_1_9' title="bbox 211 789 1609 849; baseline 0.001 -17"><span class='ocrx_word' id='word_1_65' title='bbox 211 804 345 849; x_wconf 82' lang='lat' dir='ltr'>quam</span> <span class='ocrx_word' id='word_1_66' title='bbox 359 789 448 834; x_wconf 87' lang='lat' dir='ltr'>istis</span> <span class='ocrx_word' id='word_1_67' title='bbox 466 790 826 849; x_wconf 79' lang='lat' dir='ltr'>significantibus.</span> <span class='ocrx_word' id='word_1_68' title='bbox 856 790 1147 835; x_wconf 88' lang='lat' dir='ltr'>Tantumdem</span> <span class='ocrx_word' id='word_1_69' title='bbox 1170 799 1314 834; x_wconf 89' lang='lat' dir='ltr'>autem</span> <span class='ocrx_word' id='word_1_70' title='bbox 1332 789 1448 834; x_wconf 83' lang='lat' dir='ltr'>valet</span> <span class='ocrx_word' id='word_1_71' title='bbox 1474 806 1609 849; x_wconf 79' lang='lat' dir='ltr'>gene-</span> 
     </span>
     <span class='ocr_line' id='line_1_10' title="bbox 211 859 1609 922; baseline 0.001 -18"><span class='ocrx_word' id='word_1_72' title='bbox 211 859 300 904; x_wconf 85' lang='lat' dir='ltr'>rale</span> <span class='ocrx_word' id='word_1_73' title='bbox 316 861 518 917; x_wconf 87' lang='lat' dir='ltr'>verbum,</span> <span class='ocrx_word' id='word_1_74' title='bbox 543 870 586 906; x_wconf 90' lang='lat' dir='ltr'>et</span> <span class='ocrx_word' id='word_1_75' title='bbox 609 861 808 922; x_wconf 83' lang='lat' dir='ltr'>generale</span> <span class='ocrx_word' id='word_1_76' title='bbox 830 878 1007 907; x_wconf 85' lang='lat' dir='ltr'>nomen.</span> <span class='ocrx_word' id='word_1_77' title='bbox 1033 862 1190 907; x_wconf 76' lang='lat' dir='ltr'>Docuit</span> <span class='ocrx_word' id='word_1_78' title='bbox 1204 862 1319 906; x_wconf 88' lang='lat' dir='ltr'>enim</span> <span class='ocrx_word' id='word_1_79' title='bbox 1333 861 1442 906; x_wconf 87' lang='lat' dir='ltr'>ratio</span> <span class='ocrx_word' id='word_1_80' title='bbox 1458 876 1609 906; x_wconf 84' lang='lat' dir='ltr'>omnes</span> 
     </span>
     <span class='ocr_line' id='line_1_11' title="bbox 209 932 1611 994; baseline 0.001 -18"><span class='ocrx_word' id='word_1_81' title='bbox 209 941 353 992; x_wconf 85' lang='lat' dir='ltr'>partes</span> <span class='ocrx_word' id='word_1_82' title='bbox 377 933 581 978; x_wconf 86' lang='lat' dir='ltr'>orationis</span> <span class='ocrx_word' id='word_1_83' title='bbox 604 933 732 978; x_wconf 87' lang='lat' dir='ltr'>etiam</span> <span class='ocrx_word' id='word_1_84' title='bbox 747 934 925 978; x_wconf 89' lang='lat' dir='ltr'>nomina</span> <span class='ocrx_word' id='word_1_85' title='bbox 943 949 1049 989; x_wconf 88' lang='lat' dir='ltr'>esse,</span> <span class='ocrx_word' id='word_1_86' title='bbox 1074 934 1195 994; x_wconf 88' lang='lat' dir='ltr'>quod</span> <span class='ocrx_word' id='word_1_87' title='bbox 1208 943 1251 977; x_wconf 88' lang='lat' dir='ltr'>et</span> <span class='ocrx_word' id='word_1_88' title='bbox 1267 933 1528 994; x_wconf 75' lang='lat' dir='ltr'>pronomina</span> <span class='ocrx_word' id='word_1_89' title='bbox 1544 932 1611 977; x_wconf 89' lang='lat' dir='ltr'>his</span> 
     </span>
     <span class='ocr_line' id='line_1_12' title="bbox 211 1003 1612 1066; baseline 0.001 -18"><span class='ocrx_word' id='word_1_90' title='bbox 211 1004 314 1049; x_wconf 83' lang='lat' dir='ltr'>addi</span> <span class='ocrx_word' id='word_1_91' title='bbox 334 1015 517 1065; x_wconf 84' lang='lat' dir='ltr'>possunt</span> <span class='ocrx_word' id='word_1_92' title='bbox 532 1041 542 1061; x_wconf 89' lang='lat'>,</span> <span class='ocrx_word' id='word_1_93' title='bbox 564 1004 677 1049; x_wconf 88' lang='lat' dir='ltr'>etde</span> <span class='ocrx_word' id='word_1_94' title='bbox 699 1005 902 1050; x_wconf 84' lang='lat' dir='ltr'>omnibus</span> <span class='ocrx_word' id='word_1_95' title='bbox 921 1004 1006 1049; x_wconf 87' lang='lat' dir='ltr'>dici</span> <span class='ocrx_word' id='word_1_96' title='bbox 1027 1013 1171 1064; x_wconf 86' lang='lat' dir='ltr'>potest</span> <span class='ocrx_word' id='word_1_97' title='bbox 1193 1003 1314 1066; x_wconf 80' lang='lat' dir='ltr'>quod</span> <span class='ocrx_word' id='word_1_98' title='bbox 1342 1003 1508 1065; x_wconf 77' lang='lat' dir='ltr'>aliquid</span> <span class='ocrx_word' id='word_1_99' title='bbox 1530 1020 1612 1049; x_wconf 90' lang='lat' dir='ltr'>no-</span> 
     </span>
     <span class='ocr_line' id='line_1_13' title="bbox 211 1076 1610 1139; baseline 0.001 -19"><span class='ocrx_word' id='word_1_100' title='bbox 211 1077 402 1133; x_wconf 79' lang='lat' dir='ltr'>minent,</span> <span class='ocrx_word' id='word_1_101' title='bbox 427 1088 471 1122; x_wconf 82' lang='lat' dir='ltr'>et</span> <span class='ocrx_word' id='word_1_102' title='bbox 492 1077 614 1122; x_wconf 91' lang='lat' dir='ltr'>nulla</span> <span class='ocrx_word' id='word_1_103' title='bbox 636 1093 782 1122; x_wconf 86' lang='lat' dir='ltr'>earum</span> <span class='ocrx_word' id='word_1_104' title='bbox 808 1078 861 1122; x_wconf 84' lang='lat' dir='ltr'>sit</span> <span class='ocrx_word' id='word_1_105' title='bbox 889 1094 989 1139; x_wconf 69' lang='lat' dir='ltr'>quae.</span> <span class='ocrx_word' id='word_1_106' title='bbox 1003 1094 1094 1122; x_wconf 92' lang='lat' dir='ltr'>non</span> <span class='ocrx_word' id='word_1_107' title='bbox 1115 1077 1250 1122; x_wconf 84' lang='lat' dir='ltr'>verbo</span> <span class='ocrx_word' id='word_1_108' title='bbox 1274 1076 1481 1137; x_wconf 79' lang='lat' dir='ltr'>adjuncto</span> <span class='ocrx_word' id='word_1_109' title='bbox 1504 1092 1610 1136; x_wconf 88' lang='lat' dir='ltr'>pro-</span> 
     </span>
     <span class='ocr_line' id='line_1_14' title="bbox 210 1147 1611 1209; baseline 0.001 -17"><span class='ocrx_word' id='word_1_110' title='bbox 210 1148 463 1192; x_wconf 83' lang='lat' dir='ltr'>nuntiatum</span> <span class='ocrx_word' id='word_1_111' title='bbox 485 1148 620 1208; x_wconf 88' lang='lat' dir='ltr'>possit</span> <span class='ocrx_word' id='word_1_112' title='bbox 648 1149 844 1209; x_wconf 87' lang='lat' dir='ltr'>implere.</span> <span class='ocrx_word' id='word_1_113' title='bbox 891 1148 976 1194; x_wconf 86' lang='lat' dir='ltr'>Sed</span> <span class='ocrx_word' id='word_1_114' title='bbox 999 1165 1099 1193; x_wconf 87' lang='lat' dir='ltr'>cum</span> <span class='ocrx_word' id='word_1_115' title='bbox 1129 1148 1405 1193; x_wconf 79' lang='lat' dir='ltr'>tantumdem</span> <span class='ocrx_word' id='word_1_116' title='bbox 1439 1147 1611 1193; x_wconf 83' lang='lat' dir='ltr'>valeant</span> 
     </span>
     <span class='ocr_line' id='line_1_15' title="bbox 210 1219 1612 1281; baseline -0.001 -17"><span class='ocrx_word' id='word_1_117' title='bbox 210 1235 372 1264; x_wconf 84' lang='lat' dir='ltr'>nomen</span> <span class='ocrx_word' id='word_1_118' title='bbox 400 1229 444 1264; x_wconf 88' lang='lat' dir='ltr'>et</span> <span class='ocrx_word' id='word_1_119' title='bbox 464 1221 671 1275; x_wconf 82' lang='lat' dir='ltr'>verbum,</span> <span class='ocrx_word' id='word_1_120' title='bbox 705 1235 757 1264; x_wconf 88' lang='lat' dir='ltr'>eo</span> <span class='ocrx_word' id='word_1_121' title='bbox 779 1219 901 1281; x_wconf 83' lang='lat' dir='ltr'>quod</span> <span class='ocrx_word' id='word_1_122' title='bbox 934 1221 1079 1264; x_wconf 90' lang='lat' dir='ltr'>omnia</span> <span class='ocrx_word' id='word_1_123' title='bbox 1102 1237 1201 1281; x_wconf 80' lang='lat' dir='ltr'>quae</span> <span class='ocrx_word' id='word_1_124' title='bbox 1222 1219 1357 1266; x_wconf 81' lang='lat' dir='ltr'>verba</span> <span class='ocrx_word' id='word_1_125' title='bbox 1381 1228 1499 1275; x_wconf 86' lang='lat' dir='ltr'>sunt,</span> <span class='ocrx_word' id='word_1_126' title='bbox 1526 1220 1612 1264; x_wconf 87' lang='lat' dir='ltr'>sint</span> 
     </span>
     <span class='ocr_line' id='line_1_16' title="bbox 210 1290 1612 1352; baseline -0.001 -16"><span class='ocrx_word' id='word_1_127' title='bbox 210 1291 342 1336; x_wconf 83' lang='lat' dir='ltr'>etiam</span> <span class='ocrx_word' id='word_1_128' title='bbox 373 1292 551 1337; x_wconf 85' lang='lat' dir='ltr'>nomina</span> <span class='ocrx_word' id='word_1_129' title='bbox 573 1313 583 1350; x_wconf 79' lang='lat'><em>3</em></span> <span class='ocrx_word' id='word_1_130' title='bbox 610 1308 700 1336; x_wconf 90' lang='lat' dir='ltr'>non</span> <span class='ocrx_word' id='word_1_131' title='bbox 730 1301 877 1336; x_wconf 84' lang='lat' dir='ltr'>tamen</span> <span class='ocrx_word' id='word_1_132' title='bbox 905 1290 1023 1335; x_wconf 89' lang='lat' dir='ltr'>idem</span> <span class='ocrx_word' id='word_1_133' title='bbox 1046 1291 1209 1336; x_wconf 85' lang='lat' dir='ltr'>valent.</span> <span class='ocrx_word' id='word_1_134' title='bbox 1236 1291 1332 1336; x_wconf 85' lang='lat' dir='ltr'>Alia</span> <span class='ocrx_word' id='word_1_135' title='bbox 1364 1291 1529 1352; x_wconf 81' lang='lat' dir='ltr'>quippe</span> <span class='ocrx_word' id='word_1_136' title='bbox 1556 1290 1612 1335; x_wconf 88' lang='lat' dir='ltr'>de</span> 
     </span>
     <span class='ocr_line' id='line_1_17' title="bbox 209 1361 1612 1422; baseline -0.002 -14"><span class='ocrx_word' id='word_1_137' title='bbox 209 1379 336 1408; x_wconf 83' lang='lat' dir='ltr'>causa</span> <span class='ocrx_word' id='word_1_138' title='bbox 362 1363 518 1420; x_wconf 84' lang='lat' dir='ltr'>verba,</span> <span class='ocrx_word' id='word_1_139' title='bbox 545 1373 588 1408; x_wconf 92' lang='lat' dir='ltr'>et</span> <span class='ocrx_word' id='word_1_140' title='bbox 608 1363 691 1408; x_wconf 85' lang='lat' dir='ltr'>alia</span> <span class='ocrx_word' id='word_1_141' title='bbox 713 1363 892 1408; x_wconf 86' lang='lat' dir='ltr'>nomina</span> <span class='ocrx_word' id='word_1_142' title='bbox 919 1363 1180 1422; x_wconf 87' lang='lat' dir='ltr'>nuncupari,</span> <span class='ocrx_word' id='word_1_143' title='bbox 1206 1363 1308 1407; x_wconf 87' lang='lat' dir='ltr'>satis</span> <span class='ocrx_word' id='word_1_144' title='bbox 1326 1361 1612 1422; x_wconf 76' lang='lat' dir='ltr'>probabiliter</span> 
     </span>
     <span class='ocr_line' id='line_1_18' title="bbox 207 1433 1614 1495; baseline -0.001 -16"><span class='ocrx_word' id='word_1_145' title='bbox 207 1434 479 1494; x_wconf 88' lang='lat' dir='ltr'>disputatum</span> <span class='ocrx_word' id='word_1_146' title='bbox 502 1444 580 1479; x_wconf 90' lang='lat' dir='ltr'>est.</span> <span class='ocrx_word' id='word_1_147' title='bbox 609 1434 834 1495; x_wconf 82' lang='lat' dir='ltr'>Siquidem</span> <span class='ocrx_word' id='word_1_148' title='bbox 857 1434 1043 1478; x_wconf 83' lang='lat' dir='ltr'>alterum</span> <span class='ocrx_word' id='word_1_149' title='bbox 1061 1435 1220 1478; x_wconf 87' lang='lat' dir='ltr'>horum</span> <span class='ocrx_word' id='word_1_150' title='bbox 1250 1433 1306 1478; x_wconf 84' lang='lat' dir='ltr'>ad</span> <span class='ocrx_word' id='word_1_151' title='bbox 1328 1433 1442 1477; x_wconf 83' lang='lat' dir='ltr'>auris</span> <span class='ocrx_word' id='word_1_152' title='bbox 1454 1433 1614 1477; x_wconf 76' lang='lat' dir='ltr'>verbe-</span> 
     </span>
     <span class='ocr_line' id='line_1_19' title="bbox 208 1503 1612 1562; baseline -0.001 -12"><span class='ocrx_word' id='word_1_153' title='bbox 208 1506 437 1562; x_wconf 86' lang='lat' dir='ltr'>rationem,</span> <span class='ocrx_word' id='word_1_154' title='bbox 463 1506 648 1550; x_wconf 86' lang='lat' dir='ltr'>alterum</span> <span class='ocrx_word' id='word_1_155' title='bbox 671 1506 724 1550; x_wconf 91' lang='lat' dir='ltr'>ad</span> <span class='ocrx_word' id='word_1_156' title='bbox 741 1506 874 1550; x_wconf 87' lang='lat' dir='ltr'>animi</span> <span class='ocrx_word' id='word_1_157' title='bbox 888 1505 1346 1550; x_wconf 79' lang='lat' dir='ltr'>commemorationem</span> <span class='ocrx_word' id='word_1_158' title='bbox 1370 1503 1612 1550; x_wconf 75' lang='lat' dir='ltr'>notandam</span> 
     </span>
     <span class='ocr_line' id='line_1_20' title="bbox 209 1574 1611 1636; baseline -0.001 -16"><span class='ocrx_word' id='word_1_159' title='bbox 209 1592 298 1621; x_wconf 85' lang='lat' dir='ltr'>esse</span> <span class='ocrx_word' id='word_1_160' title='bbox 320 1585 615 1636; x_wconf 82' lang='lat' dir='ltr'>compertum,</span> <span class='ocrx_word' id='word_1_161' title='bbox 651 1575 721 1620; x_wconf 87' lang='lat' dir='ltr'>vel</span> <span class='ocrx_word' id='word_1_162' title='bbox 749 1591 800 1619; x_wconf 82' lang='lat' dir='ltr'>ex</span> <span class='ocrx_word' id='word_1_163' title='bbox 831 1576 915 1620; x_wconf 91' lang='lat' dir='ltr'>hoc</span> <span class='ocrx_word' id='word_1_164' title='bbox 940 1574 1125 1634; x_wconf 76' lang='lat' dir='ltr'>intelligi</span> <span class='ocrx_word' id='word_1_165' title='bbox 1143 1583 1311 1634; x_wconf 85' lang='lat' dir='ltr'>potest,</span> <span class='ocrx_word' id='word_1_166' title='bbox 1332 1574 1453 1635; x_wconf 88' lang='lat' dir='ltr'>quod</span> <span class='ocrx_word' id='word_1_167' title='bbox 1474 1576 1519 1619; x_wconf 90' lang='lat' dir='ltr'>in</span> <span class='ocrx_word' id='word_1_168' title='bbox 1541 1575 1611 1620; x_wconf 90' lang='lat' dir='ltr'>lo·-</span> 
     </span>
     <span class='ocr_line' id='line_1_21' title="bbox 208 1645 1611 1708; baseline -0.001 -16"><span class='ocrx_word' id='word_1_169' title='bbox 208 1647 387 1708; x_wconf 86' lang='lat' dir='ltr'>quendo</span> <span class='ocrx_word' id='word_1_170' title='bbox 407 1646 633 1691; x_wconf 85' lang='lat' dir='ltr'>rectissimi</span> <span class='ocrx_word' id='word_1_171' title='bbox 655 1645 856 1700; x_wconf 82' lang='lat' dir='ltr'>dicimus,</span> <span class='ocrx_word' id='word_1_172' title='bbox 882 1645 1003 1706; x_wconf 85' lang='lat' dir='ltr'>quod</span> <span class='ocrx_word' id='word_1_173' title='bbox 1025 1654 1089 1689; x_wconf 85' lang='lat' dir='ltr'>est</span> <span class='ocrx_word' id='word_1_174' title='bbox 1109 1645 1212 1690; x_wconf 86' lang='lat' dir='ltr'>huic</span> <span class='ocrx_word' id='word_1_175' title='bbox 1234 1646 1295 1690; x_wconf 87' lang='lat' dir='ltr'>rei</span> <span class='ocrx_word' id='word_1_176' title='bbox 1317 1662 1495 1702; x_wconf 81' lang='lat' dir='ltr'>nomen,</span> <span class='ocrx_word' id='word_1_177' title='bbox 1516 1662 1611 1691; x_wconf 86' lang='lat' dir='ltr'>rem</span> 
     </span>
     <span class='ocr_line' id='line_1_22' title="bbox 209 1717 1611 1777; baseline 0.001 -15"><span class='ocrx_word' id='word_1_178' title='bbox 209 1719 431 1764; x_wconf 82' lang='lat' dir='ltr'>memoriae</span> <span class='ocrx_word' id='word_1_179' title='bbox 464 1717 672 1762; x_wconf 85' lang='lat' dir='ltr'>mandare</span> <span class='ocrx_word' id='word_1_180' title='bbox 698 1718 943 1777; x_wconf 79' lang='lat' dir='ltr'>cupientes3</span> <span class='ocrx_word' id='word_1_181' title='bbox 976 1717 1099 1777; x_wconf 87' lang='lat' dir='ltr'>quod</span> <span class='ocrx_word' id='word_1_182' title='bbox 1126 1726 1190 1761; x_wconf 89' lang='lat' dir='ltr'>est</span> <span class='ocrx_word' id='word_1_183' title='bbox 1223 1726 1372 1762; x_wconf 88' lang='lat' dir='ltr'>autem</span> <span class='ocrx_word' id='word_1_184' title='bbox 1406 1718 1509 1762; x_wconf 90' lang='lat' dir='ltr'>huic</span> <span class='ocrx_word' id='word_1_185' title='bbox 1547 1718 1611 1763; x_wconf 79' lang='lat' dir='ltr'>rei</span> 
     </span>
     <span class='ocr_line' id='line_1_23' title="bbox 208 1787 1611 1845; baseline 0 -11"><span class='ocrx_word' id='word_1_186' title='bbox 208 1790 409 1845; x_wconf 83' lang='lat' dir='ltr'>verbum,</span> <span class='ocrx_word' id='word_1_187' title='bbox 442 1789 586 1834; x_wconf 86' lang='lat' dir='ltr'>dicere</span> <span class='ocrx_word' id='word_1_188' title='bbox 615 1805 706 1833; x_wconf 92' lang='lat' dir='ltr'>non</span> <span class='ocrx_word' id='word_1_189' title='bbox 728 1787 930 1834; x_wconf 89' lang='lat' dir='ltr'>solemus.</span> <span class='ocrx_word' id='word_1_190' title='bbox 953 1791 1062 1841; x_wconf 84' lang='lat' dir='ltr'>Quae</span> <span class='ocrx_word' id='word_1_191' title='bbox 1088 1803 1191 1833; x_wconf 84' lang='lat' dir='ltr'>vero</span> <span class='ocrx_word' id='word_1_192' title='bbox 1214 1804 1304 1833; x_wconf 87' lang='lat' dir='ltr'>non</span> <span class='ocrx_word' id='word_1_193' title='bbox 1342 1788 1485 1833; x_wconf 90' lang='lat' dir='ltr'>solum</span> <span class='ocrx_word' id='word_1_194' title='bbox 1510 1798 1611 1834; x_wconf 81' lang='lat' dir='ltr'>tan-</span> 
     </span>
     <span class='ocr_line' id='line_1_24' title="bbox 208 1859 1611 1921; baseline 0 -15"><span class='ocrx_word' id='word_1_195' title='bbox 208 1860 425 1916; x_wconf 83' lang='lat' dir='ltr'>tumdem,</span> <span class='ocrx_word' id='word_1_196' title='bbox 451 1861 669 1905; x_wconf 84' lang='lat' dir='ltr'>sedetiam</span> <span class='ocrx_word' id='word_1_197' title='bbox 686 1860 803 1904; x_wconf 89' lang='lat' dir='ltr'>idem</span> <span class='ocrx_word' id='word_1_198' title='bbox 820 1859 1000 1904; x_wconf 87' lang='lat' dir='ltr'>omnino</span> <span class='ocrx_word' id='word_1_199' title='bbox 1023 1859 1281 1917; x_wconf 78' lang='lat' dir='ltr'>significent,</span> <span class='ocrx_word' id='word_1_200' title='bbox 1308 1868 1351 1903; x_wconf 89' lang='lat' dir='ltr'>et</span> <span class='ocrx_word' id='word_1_201' title='bbox 1373 1860 1487 1904; x_wconf 84' lang='lat' dir='ltr'>inter</span> <span class='ocrx_word' id='word_1_202' title='bbox 1508 1878 1611 1921; x_wconf 66' lang='lat' dir='ltr'>quze</span> 
     </span>
     <span class='ocr_line' id='line_1_25' title="bbox 209 1930 1608 1992; baseline 0.001 -15"><span class='ocrx_word' id='word_1_203' title='bbox 209 1932 319 1977; x_wconf 90' lang='lat' dir='ltr'>nihil</span> <span class='ocrx_word' id='word_1_204' title='bbox 333 1941 491 1992; x_wconf 83' lang='lat' dir='ltr'>praeter</span> <span class='ocrx_word' id='word_1_205' title='bbox 507 1930 750 1976; x_wconf 86' lang='lat' dir='ltr'>litterarum</span> <span class='ocrx_word' id='word_1_206' title='bbox 769 1930 900 1975; x_wconf 87' lang='lat' dir='ltr'>distet</span> <span class='ocrx_word' id='word_1_207' title='bbox 916 1945 1072 1975; x_wconf 85' lang='lat' dir='ltr'>sonum</span> <span class='ocrx_word' id='word_1_208' title='bbox 1085 1966 1095 1986; x_wconf 93' lang='lat'>,</span> <span class='ocrx_word' id='word_1_209' title='bbox 1112 1946 1274 1975; x_wconf 85' lang='lat' dir='ltr'>nomen</span> <span class='ocrx_word' id='word_1_210' title='bbox 1298 1940 1341 1975; x_wconf 89' lang='lat' dir='ltr'>et</span> <span class='ocrx_word' id='word_1_211' title='bbox 1363 1939 1460 1984; x_wconf 62' lang='grc' dir='ltr'>ἄνιμκ</span> <span class='ocrx_word' id='word_1_212' title='bbox 1483 1932 1608 1977; x_wconf 86' lang='lat' dir='ltr'>inve-</span> 
     </span>
     <span class='ocr_line' id='line_1_26' title="bbox 208 2001 1610 2064; baseline 0 -16"><span class='ocrx_word' id='word_1_213' title='bbox 208 2004 369 2048; x_wconf 87' lang='lat' dir='ltr'>nimus.</span> <span class='ocrx_word' id='word_1_214' title='bbox 388 2001 506 2047; x_wconf 91' lang='lat' dir='ltr'>lllud</span> <span class='ocrx_word' id='word_1_215' title='bbox 527 2018 628 2047; x_wconf 79' lang='lat' dir='ltr'>sane</span> <span class='ocrx_word' id='word_1_216' title='bbox 649 2001 756 2046; x_wconf 87' lang='lat' dir='ltr'>mihi</span> <span class='ocrx_word' id='word_1_217' title='bbox 770 2001 965 2062; x_wconf 85' lang='lat' dir='ltr'>elapsum</span> <span class='ocrx_word' id='word_1_218' title='bbox 988 2010 1083 2045; x_wconf 83' lang='lat' dir='ltr'>erat</span> <span class='ocrx_word' id='word_1_219' title='bbox 1104 2001 1149 2045; x_wconf 92' lang='lat' dir='ltr'>in</span> <span class='ocrx_word' id='word_1_220' title='bbox 1162 2003 1246 2047; x_wconf 89' lang='lat' dir='ltr'>hoc</span> <span class='ocrx_word' id='word_1_221' title='bbox 1260 2017 1430 2061; x_wconf 80' lang='lat' dir='ltr'>genere,</span> <span class='ocrx_word' id='word_1_222' title='bbox 1457 2003 1501 2047; x_wconf 91' lang='lat' dir='ltr'>in</span> <span class='ocrx_word' id='word_1_223' title='bbox 1519 2020 1610 2064; x_wconf 82' lang='lat' dir='ltr'>quo</span> 
     </span>
     <span class='ocr_line' id='line_1_27' title="bbox 209 2071 1605 2134; baseline 0 -16"><span class='ocrx_word' id='word_1_224' title='bbox 209 2074 397 2119; x_wconf 89' lang='lat' dir='ltr'>invicem</span> <span class='ocrx_word' id='word_1_225' title='bbox 433 2089 476 2118; x_wconf 89' lang='lat' dir='ltr'>se</span> <span class='ocrx_word' id='word_1_226' title='bbox 504 2073 778 2132; x_wconf 82' lang='lat' dir='ltr'>significant,</span> <span class='ocrx_word' id='word_1_227' title='bbox 815 2071 986 2116; x_wconf 86' lang='lat' dir='ltr'>nullum</span> <span class='ocrx_word' id='word_1_228' title='bbox 1017 2088 1096 2117; x_wconf 85' lang='lat' dir='ltr'>nos</span> <span class='ocrx_word' id='word_1_229' title='bbox 1118 2073 1291 2132; x_wconf 85' lang='lat' dir='ltr'>signum</span> <span class='ocrx_word' id='word_1_230' title='bbox 1320 2074 1605 2134; x_wconf 82' lang='lat' dir='ltr'>comperisse,</span> 
     </span>
     <span class='ocr_line' id='line_1_28' title="bbox 209 2143 1606 2206; baseline 0.001 -17"><span class='ocrx_word' id='word_1_231' title='bbox 209 2144 332 2206; x_wconf 90' lang='lat' dir='ltr'>quod</span> <span class='ocrx_word' id='word_1_232' title='bbox 347 2160 438 2189; x_wconf 92' lang='lat' dir='ltr'>non</span> <span class='ocrx_word' id='word_1_233' title='bbox 450 2144 564 2188; x_wconf 84' lang='lat' dir='ltr'>inter</span> <span class='ocrx_word' id='word_1_234' title='bbox 577 2153 732 2188; x_wconf 83' lang='lat' dir='ltr'>caetera</span> <span class='ocrx_word' id='word_1_235' title='bbox 756 2159 856 2204; x_wconf 77' lang='lat' dir='ltr'>quae</span> <span class='ocrx_word' id='word_1_236' title='bbox 869 2143 1098 2202; x_wconf 83' lang='lat' dir='ltr'>significat,</span> <span class='ocrx_word' id='word_1_237' title='bbox 1120 2159 1163 2188; x_wconf 80' lang='lat' dir='ltr'>se</span> <span class='ocrx_word' id='word_1_238' title='bbox 1180 2160 1359 2205; x_wconf 83' lang='lat' dir='ltr'>quoque</span> <span class='ocrx_word' id='word_1_239' title='bbox 1375 2144 1606 2205; x_wconf 83' lang='lat' dir='ltr'>significet.</span> 
     </span>
     <span class='ocr_line' id='line_1_29' title="bbox 209 2215 1609 2279; baseline 0.001 -17"><span class='ocrx_word' id='word_1_240' title='bbox 209 2220 314 2262; x_wconf 85' lang='lat' dir='ltr'>Haec</span> <span class='ocrx_word' id='word_1_241' title='bbox 335 2226 551 2277; x_wconf 85' lang='lat' dir='ltr'>quantum</span> <span class='ocrx_word' id='word_1_242' title='bbox 568 2215 692 2277; x_wconf 86' lang='lat' dir='ltr'>potui</span> <span class='ocrx_word' id='word_1_243' title='bbox 706 2215 955 2260; x_wconf 84' lang='lat' dir='ltr'>recordatus</span> <span class='ocrx_word' id='word_1_244' title='bbox 972 2231 1085 2260; x_wconf 89' lang='lat' dir='ltr'>sum.</span> <span class='ocrx_word' id='word_1_245' title='bbox 1105 2219 1169 2260; x_wconf 87' lang='lat' dir='ltr'>Tu</span> <span class='ocrx_word' id='word_1_246' title='bbox 1176 2218 1266 2278; x_wconf 88' lang='lat' dir='ltr'>jam</span> <span class='ocrx_word' id='word_1_247' title='bbox 1278 2216 1451 2273; x_wconf 84' lang='lat' dir='ltr'>videris,</span> <span class='ocrx_word' id='word_1_248' title='bbox 1473 2234 1609 2279; x_wconf 88' lang='lat' dir='ltr'>quem</span> 
     </span>
     <span class='ocr_line' id='line_1_30' title="bbox 209 2286 1604 2350; baseline 0.003 -19"><span class='ocrx_word' id='word_1_249' title='bbox 209 2287 319 2332; x_wconf 89' lang='lat' dir='ltr'>nihil</span> <span class='ocrx_word' id='word_1_250' title='bbox 339 2296 448 2347; x_wconf 89' lang='lat' dir='ltr'>puto</span> <span class='ocrx_word' id='word_1_251' title='bbox 459 2288 505 2332; x_wconf 92' lang='lat' dir='ltr'>in</span> <span class='ocrx_word' id='word_1_252' title='bbox 516 2288 600 2333; x_wconf 90' lang='lat' dir='ltr'>hoc</span> <span class='ocrx_word' id='word_1_253' title='bbox 622 2302 820 2332; x_wconf 87' lang='lat' dir='ltr'>sermone</span> <span class='ocrx_word' id='word_1_254' title='bbox 841 2286 922 2331; x_wconf 90' lang='lat' dir='ltr'>nisi</span> <span class='ocrx_word' id='word_1_255' title='bbox 943 2287 1150 2332; x_wconf 85' lang='lat' dir='ltr'>scientem</span> <span class='ocrx_word' id='word_1_256' title='bbox 1163 2298 1421 2350; x_wconf 82' lang='lat' dir='ltr'>certumque</span> <span class='ocrx_word' id='word_1_257' title='bbox 1433 2289 1604 2346; x_wconf 70' lang='lat' dir='ltr'>dixisse,</span> 
     </span>
     <span class='ocr_line' id='line_1_31' title="bbox 210 2356 1194 2418; baseline 0.002 -16"><span class='ocrx_word' id='word_1_258' title='bbox 210 2367 359 2403; x_wconf 85' lang='lat' dir='ltr'>utrum</span> <span class='ocrx_word' id='word_1_259' title='bbox 381 2358 461 2404; x_wconf 86' lang='lat' dir='ltr'>ista</span> <span class='ocrx_word' id='word_1_260' title='bbox 482 2358 593 2403; x_wconf 82' lang='lat' dir='ltr'>bene</span> <span class='ocrx_word' id='word_1_261' title='bbox 621 2357 907 2418; x_wconf 84' lang='lat' dir='ltr'>ordinateque</span> <span class='ocrx_word' id='word_1_262' title='bbox 928 2356 1194 2417; x_wconf 83' lang='lat' dir='ltr'>digesserim.</span> 
     </span>
    </p>
   </div>
   <div class='ocr_carea' id='block_1_2' title="bbox 399 2650 1367 2688">
    <p class='ocr_par' dir='ltr' id='par_1_2' title="bbox 399 2650 1367 2688">
     <span class='ocr_line' id='line_1_32' title="bbox 399 2650 1367 2688; baseline 0.002 -3"><span class='ocrx_word' id='word_1_263' title='bbox 399 2656 518 2686; x_wconf 69' lang='lat' dir='ltr'>cviii.</span> <span class='ocrx_word' id='word_1_264' title='bbox 1317 2650 1367 2688; x_wconf 62' lang='lat'>:2²5</span> 
     </span>
    </p>
   </div>
  </div>
 </body>
</html>
