1888 3168
291 175 371 214 494
719 189 750 213 s.
790 186 1020 215 Aucus'rim
1054 189 1234 215 El‘lscom

286 252 360 296 tio.
380 250 546 295 Deinde
562 266 714 295 vereor
737 267 791 295 110
809 251 919 297 nihil
933 253 985 297 sit
999 253 1119 298 aliud
1131 253 1358 297 [estimatio
1381 254 1459 297 ista
1477 255 1670 311 rationis,

284 338 418 383 quam
441 337 593 367 eorum
627 322 681 367 (10
715 337 759 367 50
792 324 893 384 ipsis
924 324 1128 385 quaedam
1157 324 1407 384 diligentior
1427 324 1671 386 judicatio:

283 402 439 437 utnon
463 392 534 437 alii
553 394 637 438 sint
654 395 825 438 1111111011
843 395 888 438 111
910 394 1214 451 delectatione,
1237 395 1308 439 alii
1324 396 1369 439 in
1382 395 1574 454 ratione,
1599 396 1677 440 sed

283 464 359 508 11111
378 473 509 526 111(1110
533 464 667 509 iidem
691 465 793 510 alias
809 463 1011 526 judicent
1028 465 1082 510 de
1104 465 1153 510 iis
1176 482 1274 526 quae
1297 475 1488 526 aguntur
1510 466 1556 510 in
1577 482 1674 511 cor-

282 549 403 594 pore,
430 551 531 580 cum
555 551 642 592 eos,
668 545 718 580 ut
739 551 869 596 supra
892 535 1240 581 demonstratum
1262 545 1341 593 est,
1365 537 1495 582 offert
1508 552 1676 582 memo·

283 606 361 661 ria,
383 606 487 651 alias
510 606 566 651 de
586 622 630 652 50
653 607 756 667 ipsis
779 608 987 652 remotius
1001 622 1025 651 a
1046 623 1228 668 corpore
1244 617 1376 669 atque
1392 608 1614 654 sincerius.
1707 611 1709 613 ’

340 679 504 722 XXIV.
541 681 601 723 M.
641 682 699 722 Dc
728 677 952 723 vocabulis
980 678 1160 740 quidem
1179 678 1290 723 nihil
1316 688 1507 738 satagas,
1533 694 1599 723 res
1631 678 1680 724 in

282 757 496 809 potestate
508 758 592 794 est:
613 749 773 810 placito
791 750 907 794 enim
919 785 929 805 ,
947 765 1038 795 non
1055 759 1210 795 natura
1224 750 1529 811 imponuntur.
1548 749 1680 804 Quod

282 829 428 865 autem
450 821 622 865 eosdem
645 836 735 865 0550
749 821 967 866 arbitraris
980 857 990 877 ,
1011 837 1092 867 nec
1110 822 1200 867 duo
1219 836 1375 881 genera
1393 835 1680 866 numerorum

280 892 375 938 haec
398 892 461 937 vis
484 892 702 952 accipere,
729 891 862 948 illud,
888 893 934 937 ni
956 891 1108 949 fallor,
1139 902 1182 938 te
1211 893 1346 954 rapit,
1372 891 1494 953 quod
1527 891 1680 937 eadem

282 964 425 1008 anima
455 973 694 1025 utrumque
717 965 819 1023 agit.
850 964 934 1010 Sed
958 964 1302 1010 animadvertere
1327 974 1370 1009 te
1393 980 1503 1025 opus
1526 973 1613 1020 est,
1637 972 1681 1008 et

281 1036 326 1080 in
348 1037 696 1096 progressoribus
719 1036 917 1082 eamdem
942 1038 1132 1082 animam
1154 1054 1311 1098 eorpus
1340 1053 1515 1083 movere
1536 1035 1608 1081 vel
1625 1033 1682 1081 ad

281 1123 439 1168 corpus
473 1109 664 1165 moveri,
691 1118 734 1154 et
755 1109 800 1153 in
823 1109 1128 1155 occursoribus
1151 1111 1264 1155 hanc
1289 1108 1488 1155 eamdem
1510 1108 1680 1169 passio·-

282 1180 411 1224 nibus
433 1182 526 1241 ejus
544 1180 607 1225 ire
629 1181 805 1226 obviam
820 1218 831 1238 ,
857 1191 900 1227 et
922 1183 966 1227 in
990 1181 1334 1228 recordabilibus
1359 1182 1487 1227 istam
1516 1181 1678 1241 ipsam,

283 1249 424 1296 (101100
445 1251 640 1313 quodam
669 1252 801 1297 modo
831 1253 1133 1299 detumescant
1148 1290 1158 1310 ,
1182 1253 1284 1314 ipsis
1322 1253 1445 1314 quasi
1467 1253 1683 1297 fluctuare

282 1324 567 1370 motionibus.
588 1327 675 1371 Nos
693 1341 797 1384 ergo
813 1325 859 1369 in
872 1326 962 1370 istis
977 1327 1209 1386 generibus
1231 1325 1515 1371 numerandis
1531 1333 1574 1369 et
1594 1323 1683 1368 dis-

282 1393 533 1453 tinguendis
551 1396 681 1440 unius
700 1405 869 1441 naturae
881 1395 952 1452 ,id
970 1406 1034 1441 est
1046 1433 1056 1452 ,
1079 1397 1233 1441 animae
1247 1406 1392 1441 motus
1405 1395 1683 1440 affectiones-

283 1479 370 1521 que
393 1464 663 1523 dispicimus.
690 1470 834 1516 Quare
868 1468 901 1511 si
923 1476 973 1511 ut
996 1466 1115 1511 aliud
1143 1476 1206 1512 est
1235 1466 1290 1511 ad
1312 1482 1361 1511 ca
1388 1481 1487 1527 quae
1525 1479 1682 1525 eorpus

280 1532 445 1592 patitur
466 1533 653 1588 moveri,
677 1535 798 1593 quod
819 1537 868 1577 fit
882 1537 927 1578 in
949 1538 1203 1593 sentiendo,
1221 1538 1341 1579 aliud
1362 1550 1538 1580 movere
1561 1550 1605 1579 se
1629 1534 1684 1579 ad

283 1618 463 1663 corpus,
489 1603 611 1664 quod
633 1603 682 1647 fit
703 1604 748 1648 in
766 1604 988 1664 operando
1007 1625 1016 1662 3
1042 1604 1161 1650 aliud
1185 1605 1305 1666 quod
1327 1610 1380 1650 ex
1397 1605 1464 1650 his
1489 1604 1684 1650 motibus

285 1674 330 1719 in
358 1673 500 1718 anima
522 1672 688 1719 factum
712 1684 776 1719 est
806 1675 1053 1731 continere,
1087 1675 1209 1737 quod
1231 1685 1295 1721 est
1325 1675 1600 1734 meminisse,
1624 1676 1684 1721 ita

285 1753 350 1790 051
366 1743 488 1789 aliud
505 1761 697 1790 annuere
711 1745 780 1791 vel
802 1761 984 1791 renuere
1001 1746 1067 1791 his
1088 1747 1304 1804 motibus,
1324 1756 1515 1793 anteum
1533 1746 1684 1808 primi-

287 1825 355 1861 tus
378 1826 636 1873 exeruntur,
667 1826 743 1861 aut
761 1833 863 1862 011111
886 1817 1187 1863 recordatione
1210 1819 1542 1874 resuscitantur,
1563 1816 1684 1878 quod

288 1888 337 1933 fit
355 1890 400 1933 in
420 1889 709 1934 delectatione
735 1891 1051 1935 convenientiae
1069 1899 1112 1935 et
1133 1891 1375 1936 offensione
1404 1889 1685 1935 absurditatis

287 1960 439 2006 talium
458 1960 705 2006 motionum
728 1960 816 2005 sive
834 1962 1116 2006 affectionum
1135 1983 1145 2021 3
1170 1972 1213 2006 et
1235 1961 1355 2007 aliud
1377 1971 1441 2008 est
1472 1960 1685 2006 aestimare

287 2042 437 2078 utrum
452 2041 568 2077 recte
582 2047 637 2077 an
651 2048 772 2077 500115
792 2032 871 2077 ista
893 2032 1113 2078 delectent
1124 2069 1134 2089 ,
1156 2033 1277 2095 quod
1294 2034 1343 2078 fit
1360 2031 1681 2078 ratiocinando:

288 2120 462 2149 11000550
484 2113 548 2149 051
570 2102 784 2148 fateamur
813 2104 873 2148 ita
890 2105 985 2149 haec
996 2120 1086 2150 esse
1103 2104 1193 2150 duo
1216 2119 1395 2164 genera,
1414 2113 1465 2147 ut
1493 2101 1566 2146 illa
1583 2110 1687 2146 sunt

288 2176 385 2221 tria.
411 2178 469 2220 Et
487 2177 520 2220 si
544 2185 659 2220 recte
682 2176 808 2220 nobis
824 2176 965 2221 visum
992 2185 1077 2231 est,
1103 2176 1183 2220 nisi
1207 2168 1469 2235 quibusdam
1491 2172 1685 2217 numeris

290 2256 400 2292 05501
431 2248 521 2308 11)εο
544 2246 844 2292 delectationis
872 2263 1021 2292 sensus
1048 2246 1265 2301 imbutUS,
1287 2244 1410 2290 nullo
1429 2245 1563 2289 modo
1583 2249 1684 2288 eum

289 2320 480 2379 potuisse
512 2335 705 2364 annuere
733 2319 910 2379 paribus
942 2318 1203 2374 intervallis,
1236 2326 1280 2362 et
1307 2317 1564 2378 perturbata
1592 2331 1684 2360 res-

290 2407 424 2451 puere
438 2410 445 2436 z
462 2400 576 2436 recte
590 2391 720 2436 etiam
732 2391 869 2436 videri
883 2400 1025 2452 potest
1040 2391 1164 2446 ratio,
1177 2405 1276 2451 quae
1288 2389 1392 2434 huic
1406 2387 1685 2434 delectationi

291 2463 680 2523 superimponitur,
692 2462 813 2508 nullo
828 2462 960 2508 modo
975 2462 1066 2508 sine
1078 2460 1344 2524 quibusdam
1361 2460 1556 2508 numeris
1569 2461 1686 2506 viva-

290 2533 506 2590 cioribus,
534 2533 587 2579 (10
611 2534 801 2580 numeris
819 2550 929 2595 quos
951 2533 1064 2581 infra
1097 2549 1141 2580 se
1163 2534 1298 2580 habet
1315 2549 1439 2595 posse
1465 2533 1679 2594 judicare.
