1852 3163
631 166 686 193 DE
719 164 883 193 onmNE
916 165 999 192 Lm.
1035 165 1084 191 11.
1478 152 1562 192 175

160 232 353 292 sapiens,
374 246 465 278 esse
481 247 584 277 cum
604 235 694 277 Deo
713 251 722 277 :
741 230 818 277 sed
832 240 979 276 tamen
1000 227 1222 291 quidquid
1239 228 1442 289 sapientis
1463 245 1566 274 cum

160 306 251 348 Deo
275 314 363 361 est,
388 304 435 349 id
452 319 577 349 nosse
605 304 861 365 sapientem.
883 302 1082 363 Optime,
1108 300 1253 362 inquit
1279 319 1289 345 ·.
1312 316 1414 345 nam
1437 301 1568 362 quid-

161 375 270 436 quid
287 392 416 421 sensu
436 375 519 421 isto
537 376 730 436 corporis
748 374 893 431 novit,
915 389 1005 418 11011
1019 380 1084 417 est
1106 387 1209 417 cum
1225 374 1338 427 Deo,
1365 371 1441 416 sed
1457 371 1569 417 illud

162 447 283 508 quod
318 448 465 493 animo
487 448 690 509 percipit.
734 446 837 492 Plus
867 446 999 491 etiam
1035 443 1218 490 fortasse
1241 443 1382 489 audeo
1400 442 1567 501 dicere,

161 518 239 564 sed
259 529 409 564 tamen
429 518 574 565 dicam
600 519 756 565 :vobis
785 518 903 563 enim
935 516 1331 573 existimatoribus,
1365 525 1443 561 aut
1464 531 1572 561 con-

162 591 310 635 firmer
325 627 336 648 ,
376 600 452 636 aut
491 591 670 637 discam.
713 590 921 653 Quisquis
951 589 1069 635 enim
1103 588 1265 635 casola
1287 589 1433 646 novit,
1470 604 1571 651 quae

162 662 356 723 corporis
380 678 529 708 sensus
553 663 766 723 attingit,
792 678 884 708 non
921 661 1063 707 solum
1102 677 1204 707 cum
1232 664 1324 706 Deo
1357 676 1447 705 esse
1481 676 1573 706 non

162 734 270 779 mihi
291 733 467 780 videtur
482 771 494 791 ,
514 734 590 780 sed
615 750 671 779 ne
691 750 839 779 secum
862 732 1059 797 quidem.
1082 734 1164 778 Hic
1189 749 1291 778 cum
1315 732 1572 792 Trygetium

165 805 568 852 animadvertissem
593 807 641 851 in
664 822 716 852 eo
734 806 890 863 vultu,
922 815 973 851 ut
995 805 1143 851 nescio
1166 804 1275 867 quid
1294 803 1408 850 velle
1430 804 1574 849 dicere

163 877 388 923 videretur
404 914 415 935 ,
436 879 513 923 sed
529 878 795 924 verecundia
809 893 910 923 eum
925 894 980 922 ne
998 877 1122 939 quasi
1144 878 1190 921 in
1213 876 1405 921 alienum
1422 874 1572 921 locum

164 948 351 995 irrueret
373 951 617 1006 contineri,
635 950 720 996 feci
736 959 1016 1011 potestatem,
1038 950 1126 1010 jam
1152 957 1324 994 tacente
1347 948 1544 993 Licentio
1561 982 1572 1003 ,

165 1032 216 1067 ut
231 1032 454 1083 promeret
476 1023 510 1067 si
532 1022 643 1084 quid
664 1022 812 1068 vellet.
839 1025 897 1067 At
920 1021 994 1066 ille
1022 1041 1030 1067 ε
1059 1024 1145 1066 Ista
1162 1058 1172 1078 ,
1198 1021 1343 1082 inquit
1357 1057 1369 1077 ,
1400 1036 1500 1082 quae
1519 1020 1575 1064 ad

166 1110 295 1139 sensu
313 1094 507 1156 corporis
520 1095 761 1156 pertinent,
780 1110 957 1155 prorsus
972 1109 1103 1138 nemo
1120 1092 1417 1138 mihividetur
1428 1107 1570 1137 nosse.

165 1165 299 1212 Aliud
316 1178 379 1213 est
396 1184 497 1213 eum
517 1168 692 1223 sentire,
711 1166 832 1212 aliud
846 1182 986 1212 nosse.
1009 1169 1154 1220 Quare
1176 1164 1335 1224 siquid
1352 1164 1572 1219 novimus,

166 1238 260 1284 solo
272 1239 502 1286 intellectu
515 1240 731 1286 contineri
745 1248 870 1300 puto,
883 1247 927 1281 et
940 1252 992 1281 60
1003 1235 1095 1280 3010
1104 1251 1230 1296 posse
1238 1234 1571 1295 comprehendi.

167 1313 232 1356 Ex
255 1327 345 1372 quo
367 1313 440 1368 fit,
466 1321 518 1355 ut
541 1313 575 1356 si
596 1310 709 1354 illud
727 1319 792 1354 est
813 1324 915 1353 cum
931 1312 1024 1355 Deo
1049 1307 1172 1369 quod
1196 1306 1485 1367 intelligendo
1509 1323 1577 1352 sa·

168 1382 291 1442 piens
309 1382 430 1427 novit
452 1391 597 1427 totum
618 1381 741 1443 quod
754 1380 879 1426 novit
892 1381 1061 1441 sapiens
1076 1380 1212 1441 possit
1234 1395 1324 1424 esse
1344 1395 1447 1424 cum
1465 1383 1573 1425 Deo.

169 1453 302 1508 Quod
319 1470 418 1500 cum
455 1453 679 1500 Licentius
721 1453 1030 1515 approbasset,
1072 1452 1263 1514 subjecit
1295 1451 1417 1498 aliud
1455 1450 1578 1514 quod

169 1524 295 1572 nullo
306 1535 436 1588 pacto
449 1542 622 1588 possem
636 1535 936 1571 contemnere.
952 1525 1028 1570 Ait
1040 1525 1158 1570 enim
1176 1543 1185 1570 :
1205 1524 1387 1585 Sapiens
1399 1540 1578 1586 prorsus

171 1614 274 1643 cum
295 1601 387 1644 Deo
410 1607 497 1655 est,
522 1613 627 1643 nam
665 1607 709 1642 et
731 1613 775 1642 se
802 1598 945 1658 ipsum
984 1595 1193 1656 intelligit
1225 1597 1411 1657 sapiens.
1447 1594 1580 1651 Quod

173 1671 404 1717 conficitur
422 1679 467 1715 ct
505 1685 558 1714 ex
580 1685 632 1715 eo
649 1705 660 1725 ,
685 1668 808 1731 quod
829 1685 853 1713 a
874 1678 918 1714 te
936 1669 1111 1729 accepi,
1144 1668 1190 1713 id
1212 1684 1303 1714 esse
1329 1685 1432 1714 cum
1460 1672 1576 1725 Deo,

174 1742 297 1805 quod
310 1741 516 1802 intelligit
538 1745 680 1787 Deum
707 1761 716 1787 ε
738 1751 781 1787 et
803 1758 854 1787 eo
877 1741 999 1803 quod
1022 1757 1046 1785 a
1071 1740 1200 1786 nobis
1230 1741 1401 1787 dictum
1423 1750 1509 1796 est,
1535 1739 1582 1786 id

174 1831 267 1861 esse
289 1831 392 1860 cum
414 1817 505 1860 Deo
532 1813 656 1875 quod
673 1830 696 1858 a
715 1814 908 1875 sapiente
930 1813 1207 1873 intelligitur.
1238 1812 1323 1858 Sed
1343 1813 1459 1858 hanc
1488 1814 1582 1875 ejus

174 1897 345 1949 partem
366 1902 445 1948 per
477 1902 613 1947 quam
649 1886 741 1931 istis
773 1886 916 1931 utitur
949 1885 1146 1931 sensibus
1170 1888 1293 1944 (non
1328 1885 1444 1930 enim
1473 1900 1583 1947 puto

175 1956 583 2005 connumerandam
622 1972 713 2001 esse
755 1971 857 2001 cum
901 1956 1144 2016 sapientem
1164 1959 1408 2016 vocamus)
1441 1957 1584 2003 fateor

177 2046 249 2076 me
269 2030 435 2075 nescire
449 2066 460 2086 ,
480 2044 562 2074 nec
581 2027 764 2074 omnino
787 2026 1037 2089 cujusmodi
1064 2027 1118 2072 sit
1149 2027 1372 2089 suspicari.

239 2105 317 2149 VI.
355 2106 496 2164 Negas
530 2117 662 2163 crgo,
698 2100 908 2162 inquam,
954 2116 1045 2145 non
1068 2099 1211 2145 solum
1249 2116 1301 2145 ex
1329 2117 1512 2162 corpore
1545 2111 1590 2148 et

182 2177 325 2222 anima
343 2210 354 2232 ,
385 2174 462 2220 sed
490 2175 622 2220 etiam
663 2190 715 2219 ex
754 2174 899 2218 anima
940 2182 1032 2218 tota
1070 2183 1270 2219 constare
1303 2173 1542 2235 sapientem
1578 2195 1586 2221 :

183 2247 401 2310 siquidem
421 2256 593 2308 partem
614 2247 743 2292 istam
766 2261 852 2307 qua
874 2245 1016 2290 utitur
1039 2245 1262 2303 sensibus,
1309 2246 1466 2291 animae
1500 2263 1591 2293 esse

184 2334 345 2379 negare
366 2318 583 2364 dementis
601 2327 680 2363 est.
705 2320 805 2364 Non
828 2316 946 2362 enim
977 2317 1058 2378 ipsi
1091 2317 1208 2363 oculi
1229 2317 1299 2363 vel
1326 2333 1450 2363 aures
1469 2355 1479 2374 ,
1515 2318 1591 2364 sed

185 2392 335 2437 1163610
358 2390 468 2452 quid
486 2389 607 2435 aliud
629 2406 707 2452 per
728 2389 878 2436 oculos
901 2390 1048 2435 sentit.
1074 2393 1225 2451 Ipsum
1245 2399 1392 2435 autem
1416 2391 1591 2447 sentire,

186 2465 324 2510 sinon
346 2461 502 2507 damus
532 2461 804 2518 intellectui,
825 2476 916 2506 non
936 2461 1091 2506 damus
1124 2460 1253 2506 alicui
1276 2463 1388 2523 parti
1411 2461 1583 2507 animae.

188 2540 341 2582 Restat
378 2544 429 2580 ut
466 2536 640 2596 corpori
671 2535 914 2590 tribuatur,
949 2549 1038 2595 quo
1078 2534 1310 2579 absurdius
1349 2535 1435 2580 dici
1477 2533 1588 2579 nihil
