1852 3163
242 176 324 214 122
674 183 707 209 s.
743 179 973 209 AUGUSTINI
1005 180 1188 209 131215001’1

237 250 392 295 volunt
420 263 523 307 ergo
550 247 766 304 invenire,
791 246 946 292 volunt
982 246 1112 304 igitur
1131 246 1294 291 habere
1323 248 1619 295 inventionem

235 321 441 367 veritatis.
462 324 520 364 At
536 335 625 364 non
637 318 887 363 inveniunt:
908 319 1103 380 sequitur
1125 334 1197 364 eos
1216 335 1306 364 non
1321 319 1482 364 habere
1499 322 1619 381 quod

233 391 413 444 volunt3
437 400 480 435 et
501 406 552 434 ex
569 406 619 435 eo
641 390 837 451 sequitur
859 390 987 433 etiam
1005 390 1154 435 beatos
1171 407 1261 436 non
1283 407 1388 436 esse.
1414 395 1472 438 At
1489 408 1618 438 nemo

230 465 413 524 sapiens,
434 463 516 506 nisi
550 462 725 506 beatus:
752 461 920 521 sapiens
941 460 1072 519 igitur
1098 461 1381 508 Academicus
1414 480 1504 509 non
1535 474 1614 509 est.

231 536 310 579 Hic
346 543 524 594 repente
561 531 644 587 illi,
676 532 801 594 quasi
828 533 971 577 totum
1001 533 1216 593 rapientes
1249 534 1614 587 exclamaverunt,

230 605 314 652 Sed
332 605 552 651 Licentius
569 605 775 650 attentius
802 613 846 648 et
866 603 1037 649 cautius
1054 603 1285 650 advertens
1301 606 1450 651 timuit
1470 623 1616 653 assen-

227 680 395 724 sionem
412 687 544 740 atque
560 676 746 738 subjecit
763 696 771 723 :
787 677 931 737 Rapui
944 675 1123 738 quidem
1138 677 1383 734 vobiscum,
1402 679 1616 740 siquidem

223 749 461 795 exclamavi
482 750 555 794 illa
584 748 864 794 conclusione
881 758 1141 794 commotus.
1169 749 1256 795 Sed
1280 749 1392 795 nihil
1413 751 1518 796 hinc
1535 752 1615 797 ad-

222 822 394 867 mittam
416 822 462 867 in
482 822 665 878 viscera,
697 830 740 866 et
760 830 931 882 partem
948 837 1091 866 meam
1107 821 1289 867 servabo
1304 821 1488 883 Alypio:
1512 839 1616 868 nam

221 902 297 938 aut
317 891 447 938 simul
468 908 566 937 eam
581 908 756 937 mecum
772 892 960 950 lambet,
980 902 1056 939 aut
1068 909 1139 938 me
1152 892 1409 939 admonebit
1425 910 1504 938 cur
1524 909 1615 939 non

220 974 422 1025 oporteat
443 965 671 1024 attingere.
698 964 875 1021 Dulcia,
909 964 1093 1026 inquam
1108 1000 1120 1021 ,
1155 965 1292 1024 magis
1311 974 1509 1010 metuere
1524 968 1614 1014 Na-

217 1037 358 1096 vigius
376 1035 556 1080 deberet
573 1034 723 1096 splene
744 1036 916 1081 vitioso.
939 1036 1021 1080 Hic
1036 1035 1110 1080 ille
1128 1036 1343 1083 arridens:
1369 1037 1520 1094 Plane,
1545 1039 1615 1084 in-

217 1109 313 1170 quit
325 1144 336 1164 ,
358 1124 428 1152 me
444 1107 547 1152 talia
565 1108 799 1152 sanabunt.
820 1110 931 1154 Nam
953 1108 1100 1153 nescio
1117 1108 1342 1168 quomodo
1359 1119 1614 1155 contortum

216 1181 301 1225 hoc
318 1188 362 1224 et
383 1179 632 1224 aculeatum
645 1214 656 1235 ‚
677 1178 798 1240 quod
819 1178 1021 1239 posuisti,
1047 1188 1099 1223 ut
1115 1178 1175 1223 ait
1192 1179 1281 1235 ille,
1300 1178 1356 1223 de
1371 1180 1502 1225 melle
1520 1184 1616 1241 Hy-

216 1250 352 1296 metio
363 1287 374 1307 ,
394 1251 550 1296 acriter
565 1249 695 1295 dulce
713 1260 801 1306 est,
822 1249 1022 1312 nihilque
1035 1249 1163 1294 inflat
1178 1251 1360 1296 viscera.
1381 1254 1526 1306 Quare
1541 1262 1615 1299 to-

216 1333 313 1368 tum
343 1323 474 1368 etiam
491 1321 640 1384 palato
659 1322 933 1383 aliquantum
950 1338 1166 1378 remorso,
1187 1332 1335 1367 tamen
1355 1333 1405 1369 ut
1433 1340 1614 1385 possum

214 1395 498 1441 libentissime
525 1395 572 1440 in
603 1393 817 1440 medullas
849 1393 1028 1455 trajicio.
1059 1397 1158 1440 Non
1189 1394 1306 1438 enim
1339 1394 1467 1441 video
1499 1414 1613 1458 quo-

214 1467 348 1514 modo
376 1468 577 1527 redargui
606 1467 740 1527 possit
762 1466 842 1510 ista
865 1464 1101 1511 conclusio.
1131 1469 1310 1511 Prorsus
1329 1466 1452 1512 nullo
1475 1470 1610 1514 modo

215 1548 358 1598 potest
374 1575 384 1595 ,
416 1539 559 1600 inquit
589 1538 830 1597 Trygetius.
856 1540 999 1591 Quare
1018 1535 1187 1596 gaudeo
1211 1537 1382 1598 jamdiu
1402 1554 1503 1584 cum
1525 1540 1610 1585 illis

215 1626 286 1654 me
306 1610 552 1655 inimicitias
580 1609 829 1670 suscepisse.
850 1612 962 1655 Nam
984 1609 1130 1653 neseio
1147 1625 1236 1669 qua
1251 1610 1505 1671 impellente
1529 1628 1609 1658 na-

216 1691 312 1726 tura
324 1717 336 1737 ,
360 1680 458 1738 vel(
476 1690 526 1726 ut
541 1681 684 1726 verius
703 1681 874 1737 dicam)
892 1683 983 1725 Deo
996 1716 1008 1737 ,
1028 1680 1159 1724 etiam
1173 1682 1367 1728 nesciens
1384 1684 1608 1744 quomodo

215 1751 442 1798 refellendi
461 1761 626 1808 essent,
650 1761 800 1798 tamen
816 1752 876 1797 eis
898 1752 1026 1797 nimis
1043 1751 1319 1799 adversabar.

573 1969 812 2034 Ejusdem
835 1972 908 2017 rei
926 1973 1238 2017 continuatio.

234 2134 237 2136 .
271 2099 368 2142 XV.
395 2099 475 2142 Hic
509 2096 748 2142 Licentius:
769 2100 879 2156 Ego,
905 2098 1073 2158 inquit,
1092 2097 1190 2141 illos
1216 2095 1413 2142 nondum
1430 2095 1597 2143 desero.

212 2172 348 2226 Ergo,
387 2169 446 2213 ait
478 2168 732 2227 Trygetius,
758 2166 954 2212 dissentis
988 2185 1012 2212 a
1045 2168 1209 2213 nobis?
1246 2168 1596 2229 Numquidnam,

211 2239 283 2284 ille
298 2240 543 2300 inquit,vos
560 2240 613 2283 ab
631 2239 790 2299 Alypio
813 2238 1075 2283 dissentitis?
1091 2239 1174 2284 Cui
1187 2254 1288 2298 ego:
1307 2241 1405 2284 Non
1423 2240 1596 2296 dubito,

210 2312 405 2371 inquam,
422 2311 546 2371 quin,
562 2312 595 2355 si
614 2310 781 2354 adesset
793 2309 993 2369 Alypius,
1007 2310 1111 2354 huic
1129 2309 1388 2354 ratiunculae
1404 2309 1592 2355 cederet,

210 2385 308 2426 Non
330 2382 446 2426 enim
468 2392 558 2426 tam
582 2380 768 2425 absurde
795 2381 953 2425 sentire
974 2390 1166 2441 poterat,
1187 2390 1237 2425 ut
1259 2391 1334 2426 aut
1357 2381 1510 2426 beatus
1523 2381 1597 2426 ille
1632 2392 1636 2399 “

208 2452 450 2508 videretur,
485 2453 561 2513 qui
583 2461 752 2497 tantum
782 2453 948 2496 bonum
971 2452 1126 2508 animi,
1152 2452 1274 2514 quod
1295 2452 1596 2498 ardentissime

207 2522 339 2569 vellet
358 2523 541 2579 habere,
568 2539 658 2569 non
680 2523 882 2578 haberet,
908 2533 984 2570 aut
1003 2523 1098 2570 illos
1119 2522 1237 2571 nolle
1262 2524 1457 2571 invenire
1478 2524 1594 2570 veri-
