1852 3163
234 166 314 203 176
648 170 682 198 s.
721 172 950 200 AUGL'SThw
986 173 1167 200 EPJSCOPI

231 241 404 285 1111611111
432 237 736 282 1111111111111111.
761 238 934 293 Anima,
957 239 1115 297 inquit,
1138 237 1339 297 sapientis
1363 247 1624 296 perpurgata
1667 276 1679 279 -

230 310 488 364 1111111111115,
514 310 661 369 etjam
685 310 907 353 coliwrens
932 314 1042 363 Deo,
1072 308 1275 368 sapientis
1298 308 1425 352 etiam
1450 307 1624 352 nomine

229 382 359 441 digna
385 390 472 435 est,
523 395 603 423 nec
626 379 869 440 quidquam
894 380 984 440 ejus
1008 379 1128 423 aliud
1166 378 1291 423 decet
1315 376 1523 438 appellari
1561 394 1627 421 sa-

233 453 428 513 pientem
457 451 564 495 :sed
600 460 746 494 tamen
781 451 903 511 quasi
935 448 1166 510 quaedam,
1201 459 1252 494 ut
1284 448 1447 504 (1163111,
1480 447 1628 493 sordes

230 534 360 585 atque
384 522 552 567 exuviae
575 522 735 583 quibus
757 536 800 566 se
825 520 898 565 ille
920 520 1170 576 mundavit,
1194 530 1237 565 et
1260 520 1382 582 quasi
1416 519 1632 564 subtraxit

228 595 275 639 in
297 611 341 649 se
370 595 535 654 ipsum,
563 593 601 638 ei
624 593 780 638 animae
799 592 1026 646 serviunt.
1058 591 1140 636 Vel
1170 592 1205 636 si
1225 601 1317 636 tota
1352 592 1448 636 haee
1486 591 1630 635 anima

232 663 418 710 dicenda
441 674 507 709 est
522 700 532 717 ,
555 664 593 709 ei
611 673 727 708 certe
749 664 862 724 parti
886 663 1041 707 animae
1056 662 1252 707 serviunt
1269 672 1400 723 atque
1422 662 1630 722 subjectae

230 748 333 783 sunt
346 773 356 793 ,
383 753 517 799 quam
535 737 672 782 solam
689 736 929 797 sapientem
942 735 1159 781 nominari
1173 734 1313 780 decet.
1333 738 1386 780 In
1402 750 1489 796 qua
1508 743 1631 795 parte

232 811 430 871 subjecta
455 809 586 854 etiam
618 808 756 869 ipsam
790 808 1046 853 memoriam
1085 817 1193 868 puto
1233 807 1448 852 habitare.
1491 807 1632 852 Utitur

231 897 336 940 ergo
360 882 441 926 hac
456 879 625 941 sapiens
647 880 772 941 quasi
787 895 926 936 servo,
953 889 1003 924 ut
1021 881 1116 925 haec
1136 879 1174 923 61
1187 879 1357 939 jubeat,
1376 893 1535 939 easque
1542 878 1634 937 jam

232 952 398 998 domito
421 962 552 1014 atque
571 952 789 997 substrato
812 961 947 996 metas
970 950 1076 1010 legis
1098 951 1317 1011 imponat,
1337 959 1388 994 ut
1414 948 1522 994 dum
1543 948 1634 994 istis

233 1025 430 1069 sensibus
448 1024 590 1069 utitur
613 1033 793 1084 propter
816 1023 888 1068 illa
903 1059 913 1079 ,
955 1039 1055 1084 quae
1088 1024 1180 1084 jam
1202 1038 1293 1067 11011
1322 1021 1534 1082 sapienti,
1559 1019 1636 1065 sed

233 1096 316 1140 sibi
338 1096 709 1151 suntnecessaria,
726 1111 817 1140 non
833 1110 877 1139 56
892 1094 1054 1139 audeat
1073 1093 1296 1149 extollere,
1315 1108 1396 1137 nec
1409 1091 1635 1153 superbire

236 1168 439 1222 domino,
477 1183 558 1212 nec
596 1167 645 1211 iis
666 1167 768 1226 ipsis
791 1183 892 1227 quae
934 1165 990 1211 ad
1012 1182 1056 1211 se
1078 1166 1300 1226 pertinent
1321 1164 1481 1224 passim
1504 1173 1635 1224 atque

233 1237 518 1282 immoderate
533 1237 612 1281 uti.
635 1236 706 1280 Ad
723 1236 844 1279 illam
863 1237 980 1281 enim
997 1236 1251 1281 vilissimam
1267 1245 1437 1296 partem
1455 1243 1637 1295 possunt

234 1325 283 1354 ca
306 1309 525 1369 pertinere
548 1323 648 1369 quae
670 1316 953 1367 praetereunt.
977 1307 1147 1359 Quibus
1170 1316 1319 1350 autem
1343 1315 1407 1349 est
1428 1305 1638 1349 memoria

233 1380 488 1435 neccssaria,
507 1379 588 1423 nisi
601 1377 985 1439 praetereuntibus,
1003 1387 1045 1422 61
1058 1376 1182 1437 quasi
1196 1375 1466 1435 fugientibus
1481 1375 1637 1420 rebus?

236 1450 315 1495 Ille
336 1451 468 1510 igitur
505 1449 673 1510 sapiens
697 1447 976 1509 amplectitur
1010 1452 1152 1493 Deum
1171 1483 1181 1503 ,
1221 1463 1362 1508 eoque
1394 1446 1638 1508 perfruitur

235 1523 312 1582 qui
333 1537 502 1582 semper
524 1530 692 1565 manet-
731 1535 811 1564 1166
832 1528 1084 1580 expectatur
1120 1528 1171 1564 ut
1204 1519 1278 1575 sit,
1304 1535 1385 1564 nee
1422 1519 1637 1564 metuitur

237 1609 290 1637 ne
309 1592 441 1649 (lesit,
487 1591 564 1637 sed
584 1607 636 1636 eo
673 1592 766 1651 ipso
789 1606 878 1651 quo
901 1606 1001 1635 vere
1045 1601 1107 1635 est
1143 1606 1312 1651 semper
1341 1600 1405 1636 est
1430 1606 1630 1651 praesens.

237 1669 372 1712 Curat
391 1674 537 1710 autem
557 1663 817 1719 immobilis,
844 1673 889 1707 et
909 1664 1020 1707 inse
1039 1679 1217 1708 manens
1237 1664 1346 1707 servi
1359 1663 1426 1707 5111
1443 1662 1637 1724 quodam

239 1737 369 1783 1110110
392 1736 632 1798 peculium,
657 1745 772 1781 uteo
807 1745 1017 1797 tanquam
1035 1734 1167 1795 frugi,
1190 1745 1234 1781 et
1248 1734 1432 1794 diligens
1446 1734 1635 1780 famulus

235 1808 350 1854 bene
373 1818 523 1852 utatur
538 1843 548 1863 ,
574 1823 792 1867 parceque
815 1805 1047 1851 custodiat.

300 1883 399 1925 VII.
427 1882 570 1933 Quam
593 1878 852 1922 sententiam
876 1878 967 1937 ejus
995 1892 1097 1922 611111
1125 1877 1411 1922 admiratione
1436 1877 1637 1923 conside-

239 1969 359 2007 rans,
385 1951 637 1997 recordatus
659 1965 756 1995 511111
785 1948 976 2008 idipsum
997 1948 1233 2009 aliquando
1256 1964 1326 1993 me
1348 1949 1538 1994 breviter
1561 1949 1637 1995 illo

239 2023 444 2068 audiente
467 2022 636 2067 dixisse.
681 2023 794 2064 Tum
829 2018 1022 2064 arridens
1050 2038 1059 2064 2
1097 2019 1264 2064 Gratias
1287 2035 1392 2079 age,
1430 2020 1633 2081 inquam,

241 2094 430 2150 Licenti,
456 2093 559 2138 huie
580 2106 702 2137 servo
724 2100 822 2146 tuo,
848 2090 924 2151 qui
948 2089 1027 2134 tibi
1059 2090 1140 2135 nisi
1183 2090 1348 2151 aliquid
1378 2090 1433 2135 de
1464 2091 1636 2151 peculio

241 2182 320 2212 suo
342 2165 607 2210 ministraret
623 2199 633 2219 ,
655 2178 773 2207 1111116
793 2160 973 2207 fortasse
995 2161 1116 2222 quod
1134 2177 1353 2231 promeres
1380 2177 1472 2207 non
1499 2163 1638 2207 habe-

241 2253 321 2282 res.
348 2239 457 2283 Nam
482 2237 516 2281 si
538 2235 594 2280 ad
605 2250 702 2279 eam
723 2244 892 2294 partem
908 2234 1118 2278 memoria
1136 2233 1346 2294 pertinet,
1366 2249 1463 2295 quae
1481 2250 1525 2279 se
1541 2235 1638 2280 vult

241 2309 453 2354 famulam
475 2309 604 2353 bonae
620 2307 758 2351 menti
775 2305 1011 2366 regendam
1025 2305 1225 2351 coneedit
1237 2341 1247 2361 ,
1265 2305 1355 2366 ipsa
1373 2322 1492 2352 nunc
1510 2306 1636 2368 adju-

242 2390 310 2425 tus
349 2396 414 2435 es,
440 2379 548 2424 mihi
570 2377 696 2424 crede
713 2413 723 2433 ,
763 2387 813 2421 ut
834 2378 919 2422 hoe
943 2377 1121 2422 diceres.
1149 2378 1266 2435 Ergo
1299 2386 1537 2438 antequam
1575 2377 1634 2422 ad

242 2451 371 2495 illum
392 2451 591 2496 ordinem
621 2449 818 2505 redeam,
845 2464 991 2494 nonne
1029 2448 1109 2493 tibi
1149 2447 1324 2493 videtur
1350 2448 1421 2494 vel
1456 2458 1635 2510 propter

245 2523 368 2579 talia,
394 2521 440 2567 id
461 2532 552 2578 est,
577 2530 756 2582 propter
778 2522 982 2567 honestas
1000 2537 1049 2566 ac
1071 2521 1329 2567 necessarias
1357 2520 1630 2582 disciplinas,
