<?xml version="1.0" encoding="UTF-8"?>
<!DOCTYPE html PUBLIC "-//W3C//DTD XHTML 1.0 Transitional//EN"
    "http://www.w3.org/TR/xhtml1/DTD/xhtml1-transitional.dtd">
<html xmlns="http://www.w3.org/1999/xhtml" xml:lang="en" lang="en">
 <head>
  <title>
</title>
<meta http-equiv="Content-Type" content="text/html;charset=utf-8" />
  <meta name='ocr-system' content='tesseract 3.04.00' />
  <meta name='ocr-capabilities' content='ocr_page ocr_carea ocr_par ocr_line ocrx_word'/>
</head>
<body>
  <div class='ocr_page' id='page_1' title='image "./operaomniaaccura01auguuoft_0116.png"; bbox 0 0 1852 3163; ppageno 0'>
   <div class='ocr_carea' id='block_1_1' title="bbox 270 195 1221 233">
    <p class='ocr_par' dir='ltr' id='par_1_1' title="bbox 270 195 1221 233">
     <span class='ocr_line' id='line_1_1' title="bbox 270 195 1221 233; baseline -0.001 0"><span class='ocrx_word' id='word_1_1' title='bbox 270 195 351 233; x_wconf 81' lang='lat'>106</span> <span class='ocrx_word' id='word_1_2' title='bbox 709 204 741 231; x_wconf 88' lang='grc'>5.</span> <span class='ocrx_word' id='word_1_3' title='bbox 778 203 1008 233; x_wconf 76' lang='lat' dir='ltr'>At&#39;GUSTINI</span> <span class='ocrx_word' id='word_1_4' title='bbox 1040 205 1221 233; x_wconf 82' lang='lat' dir='ltr'><strong>EPISCOPI</strong></span> 
     </span>
    </p>
   </div>
   <div class='ocr_carea' id='block_1_2' title="bbox 265 345 1644 364">
    <p class='ocr_par' dir='ltr' id='par_1_2' title="bbox 265 345 1644 364">
     <span class='ocr_line' id='line_1_2' title="bbox 265 345 1644 364; baseline 0.001 -2"><span class='ocrx_word' id='word_1_5' title='bbox 265 345 1644 364; x_wconf 60' lang='lat' dir='ltr'>mmmmmmmwuwummvmvmwuwumwmummwnuum</span> 
     </span>
    </p>
   </div>
   <div class='ocr_carea' id='block_1_3' title="bbox 752 480 1154 531">
    <p class='ocr_par' dir='ltr' id='par_1_3' title="bbox 752 480 1154 531">
     <span class='ocr_line' id='line_1_3' title="bbox 752 480 1154 531; baseline -0.005 -1"><span class='ocrx_word' id='word_1_6' title='bbox 752 480 970 531; x_wconf 87' lang='lat' dir='ltr'>CAPUT</span> <span class='ocrx_word' id='word_1_7' title='bbox 1013 482 1154 530; x_wconf 86' lang='lat' dir='ltr'>XIX.</span> 
     </span>
    </p>
   </div>
   <div class='ocr_carea' id='block_1_4' title="bbox 561 629 1354 694">
    <p class='ocr_par' dir='ltr' id='par_1_4' title="bbox 561 629 1354 694">
     <span class='ocr_line' id='line_1_4' title="bbox 561 629 1354 694; baseline -0.001 -17"><span class='ocrx_word' id='word_1_8' title='bbox 561 629 823 693; x_wconf 65' lang='lat' dir='ltr'>Multipleoe</span> <span class='ocrx_word' id='word_1_9' title='bbox 839 629 1160 693; x_wconf 73' lang='lat' dir='ltr'>philosophice</span> <span class='ocrx_word' id='word_1_10' title='bbox 1185 647 1354 694; x_wconf 76' lang='lat' dir='ltr'>genus.</span> 
     </span>
    </p>
   </div>
   <div class='ocr_carea' id='block_1_5' title="bbox 265 767 1658 2181">
    <p class='ocr_par' dir='ltr' id='par_1_5' title="bbox 265 767 1658 2181">
     <span class='ocr_line' id='line_1_5' title="bbox 324 767 1652 829; baseline 0 -16"><span class='ocrx_word' id='word_1_11' title='bbox 324 770 464 813; x_wconf 86' lang='lat' dir='ltr'><strong>XLII.</strong></span> <span class='ocrx_word' id='word_1_12' title='bbox 500 770 664 823; x_wconf 80' lang='lat' dir='ltr'><strong>ITAQUE</strong></span> <span class='ocrx_word' id='word_1_13' title='bbox 686 784 805 813; x_wconf 85' lang='lat' dir='ltr'>nunc</span> <span class='ocrx_word' id='word_1_14' title='bbox 828 767 1108 829; x_wconf 89' lang='lat' dir='ltr'>philosophos</span> <span class='ocrx_word' id='word_1_15' title='bbox 1125 784 1216 813; x_wconf 93' lang='lat' dir='ltr'>non</span> <span class='ocrx_word' id='word_1_16' title='bbox 1232 767 1322 813; x_wconf 83' lang='lat' dir='ltr'>fere</span> <span class='ocrx_word' id='word_1_17' title='bbox 1337 767 1551 826; x_wconf 84' lang='lat' dir='ltr'>videmus,</span> <span class='ocrx_word' id='word_1_18' title='bbox 1572 769 1652 814; x_wconf 89' lang='lat' dir='ltr'>nisi</span> 
     </span>
     <span class='ocr_line' id='line_1_6' title="bbox 266 839 1653 900; baseline 0.001 -16"><span class='ocrx_word' id='word_1_19' title='bbox 266 849 341 885; x_wconf 89' lang='lat' dir='ltr'>aut</span> <span class='ocrx_word' id='word_1_20' title='bbox 353 841 556 898; x_wconf 77' lang='lat' dir='ltr'>Cynicos,</span> <span class='ocrx_word' id='word_1_21' title='bbox 574 848 648 884; x_wconf 90' lang='lat' dir='ltr'>aut</span> <span class='ocrx_word' id='word_1_22' title='bbox 662 839 985 900; x_wconf 81' lang='lat' dir='ltr'>Peripateticos,</span> <span class='ocrx_word' id='word_1_23' title='bbox 1012 849 1087 884; x_wconf 86' lang='lat' dir='ltr'>aut</span> <span class='ocrx_word' id='word_1_24' title='bbox 1100 839 1360 886; x_wconf 86' lang='lat' dir='ltr'><strong>Platonicos.</strong></span> <span class='ocrx_word' id='word_1_25' title='bbox 1386 843 1444 885; x_wconf 91' lang='lat' dir='ltr'>Et</span> <span class='ocrx_word' id='word_1_26' title='bbox 1465 841 1653 899; x_wconf 88' lang='lat' dir='ltr'>Cynicos</span> 
     </span>
     <span class='ocr_line' id='line_1_7' title="bbox 265 909 1654 974; baseline 0.001 -20"><span class='ocrx_word' id='word_1_27' title='bbox 265 912 461 974; x_wconf 80' lang='lat' dir='ltr'>quidem,</span> <span class='ocrx_word' id='word_1_28' title='bbox 478 911 581 972; x_wconf 87' lang='lat' dir='ltr'>quia</span> <span class='ocrx_word' id='word_1_29' title='bbox 603 926 674 955; x_wconf 88' lang='lat' dir='ltr'>cos</span> <span class='ocrx_word' id='word_1_30' title='bbox 696 910 797 955; x_wconf 86' lang='lat' dir='ltr'>vitae</span> <span class='ocrx_word' id='word_1_31' title='bbox 811 910 1014 972; x_wconf 69' lang='lat' dir='ltr'>quaedam</span> <span class='ocrx_word' id='word_1_32' title='bbox 1036 909 1224 955; x_wconf 83' lang='lat' dir='ltr'>delectat</span> <span class='ocrx_word' id='word_1_33' title='bbox 1247 911 1426 955; x_wconf 85' lang='lat' dir='ltr'>libertas</span> <span class='ocrx_word' id='word_1_34' title='bbox 1449 920 1580 972; x_wconf 84' lang='lat' dir='ltr'>atque</span> <span class='ocrx_word' id='word_1_35' title='bbox 1600 911 1654 955; x_wconf 87' lang='lat' dir='ltr'>li-</span> 
     </span>
     <span class='ocr_line' id='line_1_8' title="bbox 265 980 1651 1044; baseline -0.001 -17"><span class='ocrx_word' id='word_1_36' title='bbox 265 984 421 1027; x_wconf 85' lang='lat' dir='ltr'>centia.</span> <span class='ocrx_word' id='word_1_37' title='bbox 443 981 572 1037; x_wconf 89' lang='lat' dir='ltr'>Quod</span> <span class='ocrx_word' id='word_1_38' title='bbox 586 991 732 1026; x_wconf 89' lang='lat' dir='ltr'>autem</span> <span class='ocrx_word' id='word_1_39' title='bbox 749 981 805 1026; x_wconf 89' lang='lat' dir='ltr'>ad</span> <span class='ocrx_word' id='word_1_40' title='bbox 818 982 1110 1026; x_wconf 87' lang='lat' dir='ltr'>eruditionem</span> <span class='ocrx_word' id='word_1_41' title='bbox 1128 980 1463 1044; x_wconf 81' lang='lat' dir='ltr'>doctrinamque</span> <span class='ocrx_word' id='word_1_42' title='bbox 1479 982 1651 1038; x_wconf 80' lang='lat' dir='ltr'>attinet,</span> 
     </span>
     <span class='ocr_line' id='line_1_9' title="bbox 265 1052 1656 1115; baseline 0 -17"><span class='ocrx_word' id='word_1_43' title='bbox 265 1063 308 1098; x_wconf 86' lang='lat' dir='ltr'>et</span> <span class='ocrx_word' id='word_1_44' title='bbox 338 1069 478 1099; x_wconf 87' lang='lat' dir='ltr'>mores</span> <span class='ocrx_word' id='word_1_45' title='bbox 503 1053 665 1115; x_wconf 84' lang='lat' dir='ltr'>quibus</span> <span class='ocrx_word' id='word_1_46' title='bbox 698 1052 940 1098; x_wconf 83' lang='lat' dir='ltr'>consulitur</span> <span class='ocrx_word' id='word_1_47' title='bbox 967 1053 1146 1108; x_wconf 80' lang='lat' dir='ltr'>animae,</span> <span class='ocrx_word' id='word_1_48' title='bbox 1172 1054 1275 1114; x_wconf 83' lang='lat' dir='ltr'>quia</span> <span class='ocrx_word' id='word_1_49' title='bbox 1299 1069 1389 1098; x_wconf 90' lang='lat' dir='ltr'>non</span> <span class='ocrx_word' id='word_1_50' title='bbox 1418 1052 1656 1098; x_wconf 88' lang='lat' dir='ltr'>defuerunt</span> 
     </span>
     <span class='ocr_line' id='line_1_10' title="bbox 265 1123 1654 1186; baseline 0 -17"><span class='ocrx_word' id='word_1_51' title='bbox 265 1125 499 1170; x_wconf 78' lang='lat' dir='ltr'>acutissimi</span> <span class='ocrx_word' id='word_1_52' title='bbox 517 1133 560 1169; x_wconf 86' lang='lat' dir='ltr'>et</span> <span class='ocrx_word' id='word_1_53' title='bbox 572 1123 684 1169; x_wconf 84' lang='lat' dir='ltr'>solci</span> <span class='ocrx_word' id='word_1_54' title='bbox 689 1125 839 1168; x_wconf 86' lang='lat' dir='ltr'>tissimi</span> <span class='ocrx_word' id='word_1_55' title='bbox 851 1125 949 1181; x_wconf 68' lang='lat' dir='ltr'>viii,</span> <span class='ocrx_word' id='word_1_56' title='bbox 970 1125 1047 1186; x_wconf 91' lang='lat' dir='ltr'>qui</span> <span class='ocrx_word' id='word_1_57' title='bbox 1059 1125 1269 1170; x_wconf 89' lang='lat' dir='ltr'>docerent</span> <span class='ocrx_word' id='word_1_58' title='bbox 1285 1125 1654 1186; x_wconf 76' lang='lat' dir='ltr'>disputationibus</span> 
     </span>
     <span class='ocr_line' id='line_1_11' title="bbox 265 1195 1656 1263; baseline -0.001 -21"><span class='ocrx_word' id='word_1_59' title='bbox 265 1198 351 1242; x_wconf 87' lang='lat' dir='ltr'>suis</span> <span class='ocrx_word' id='word_1_60' title='bbox 375 1195 652 1242; x_wconf 80' lang='lat' dir='ltr'>Aristotelem</span> <span class='ocrx_word' id='word_1_61' title='bbox 677 1212 725 1240; x_wconf 85' lang='lat' dir='ltr'>ac</span> <span class='ocrx_word' id='word_1_62' title='bbox 748 1195 976 1240; x_wconf 82' lang='lat' dir='ltr'>Platonem</span> <span class='ocrx_word' id='word_1_63' title='bbox 1005 1196 1065 1239; x_wconf 83' lang='lat' dir='ltr'>ita</span> <span class='ocrx_word' id='word_1_64' title='bbox 1092 1195 1173 1239; x_wconf 87' lang='lat' dir='ltr'>sibi</span> <span class='ocrx_word' id='word_1_65' title='bbox 1195 1195 1425 1240; x_wconf 87' lang='lat' dir='ltr'>concinere</span> <span class='ocrx_word' id='word_1_66' title='bbox 1446 1205 1497 1248; x_wconf 86' lang='lat' dir='ltr'>ut</span> <span class='ocrx_word' id='word_1_67' title='bbox 1516 1196 1656 1263; x_wconf 86' lang='lat' dir='ltr'>impc-</span> 
     </span>
     <span class='ocr_line' id='line_1_12' title="bbox 266 1265 1655 1329; baseline -0.001 -17"><span class='ocrx_word' id='word_1_68' title='bbox 266 1269 356 1313; x_wconf 81' lang='lat' dir='ltr'>litis</span> <span class='ocrx_word' id='word_1_69' title='bbox 383 1268 615 1329; x_wconf 85' lang='lat' dir='ltr'>minusque</span> <span class='ocrx_word' id='word_1_70' title='bbox 645 1267 820 1312; x_wconf 87' lang='lat' dir='ltr'>attentis</span> <span class='ocrx_word' id='word_1_71' title='bbox 855 1266 1082 1311; x_wconf 81' lang='lat' dir='ltr'>dissentiie</span> <span class='ocrx_word' id='word_1_72' title='bbox 1104 1265 1356 1322; x_wconf 81' lang='lat' dir='ltr'>videantur,</span> <span class='ocrx_word' id='word_1_73' title='bbox 1383 1266 1531 1311; x_wconf 87' lang='lat' dir='ltr'>multis</span> <span class='ocrx_word' id='word_1_74' title='bbox 1553 1266 1655 1328; x_wconf 89' lang='lat' dir='ltr'>qui-</span> 
     </span>
     <span class='ocr_line' id='line_1_13' title="bbox 266 1338 1656 1400; baseline -0.002 -15"><span class='ocrx_word' id='word_1_75' title='bbox 266 1340 367 1385; x_wconf 86' lang='lat' dir='ltr'>dem</span> <span class='ocrx_word' id='word_1_76' title='bbox 389 1339 555 1385; x_wconf 78' lang='lat' dir='ltr'>saeculis</span> <span class='ocrx_word' id='word_1_77' title='bbox 569 1339 807 1400; x_wconf 85' lang='lat' dir='ltr'>multisque</span> <span class='ocrx_word' id='word_1_78' title='bbox 828 1339 1198 1394; x_wconf 77' lang='lat' dir='ltr'>contentionibus,</span> <span class='ocrx_word' id='word_1_79' title='bbox 1215 1338 1291 1383; x_wconf 90' lang='lat' dir='ltr'>sed</span> <span class='ocrx_word' id='word_1_80' title='bbox 1304 1348 1452 1382; x_wconf 89' lang='lat' dir='ltr'>tamen</span> <span class='ocrx_word' id='word_1_81' title='bbox 1465 1338 1656 1399; x_wconf 83' lang='lat' dir='ltr'>eliquata</span> 
     </span>
     <span class='ocr_line' id='line_1_14' title="bbox 265 1408 1655 1472; baseline -0.004 -15"><span class='ocrx_word' id='word_1_82' title='bbox 265 1421 343 1467; x_wconf 83' lang='lat' dir='ltr'>cst,</span> <span class='ocrx_word' id='word_1_83' title='bbox 364 1421 413 1456; x_wconf 87' lang='lat' dir='ltr'>ut</span> <span class='ocrx_word' id='word_1_84' title='bbox 427 1411 597 1472; x_wconf 89' lang='lat' dir='ltr'>opinor,</span> <span class='ocrx_word' id='word_1_85' title='bbox 622 1426 709 1454; x_wconf 88' lang='lat' dir='ltr'>una</span> <span class='ocrx_word' id='word_1_86' title='bbox 730 1409 960 1454; x_wconf 77' lang='lat' dir='ltr'>verissimae</span> <span class='ocrx_word' id='word_1_87' title='bbox 979 1409 1265 1470; x_wconf 75' lang='lat' dir='ltr'>philosophiae</span> <span class='ocrx_word' id='word_1_88' title='bbox 1284 1408 1529 1470; x_wconf 85' lang='lat' dir='ltr'>disciplina.</span> <span class='ocrx_word' id='word_1_89' title='bbox 1554 1411 1655 1455; x_wconf 92' lang='lat' dir='ltr'>Non</span> 
     </span>
     <span class='ocr_line' id='line_1_15' title="bbox 268 1479 1653 1542; baseline -0.003 -14"><span class='ocrx_word' id='word_1_90' title='bbox 268 1484 382 1528; x_wconf 84' lang='lat' dir='ltr'>enim</span> <span class='ocrx_word' id='word_1_91' title='bbox 398 1493 461 1527; x_wconf 89' lang='lat' dir='ltr'>est</span> <span class='ocrx_word' id='word_1_92' title='bbox 477 1483 558 1527; x_wconf 88' lang='lat' dir='ltr'>ista</span> <span class='ocrx_word' id='word_1_93' title='bbox 574 1482 704 1542; x_wconf 82' lang='lat' dir='ltr'>hujus</span> <span class='ocrx_word' id='word_1_94' title='bbox 718 1479 874 1524; x_wconf 85' lang='lat' dir='ltr'>mundi</span> <span class='ocrx_word' id='word_1_95' title='bbox 896 1480 1186 1540; x_wconf 81' lang='lat' dir='ltr'>philosophia,</span> <span class='ocrx_word' id='word_1_96' title='bbox 1212 1496 1345 1541; x_wconf 84' lang='lat' dir='ltr'>quam</span> <span class='ocrx_word' id='word_1_97' title='bbox 1364 1496 1483 1525; x_wconf 83' lang='lat' dir='ltr'>sacra</span> <span class='ocrx_word' id='word_1_98' title='bbox 1506 1489 1653 1525; x_wconf 86' lang='lat' dir='ltr'>nostra</span> 
     </span>
     <span class='ocr_line' id='line_1_16' title="bbox 265 1550 1656 1609; baseline -0.004 -10"><span class='ocrx_word' id='word_1_99' title='bbox 265 1555 534 1599; x_wconf 86' lang='lat' dir='ltr'>meritissime</span> <span class='ocrx_word' id='word_1_100' title='bbox 575 1553 867 1607; x_wconf 85' lang='lat' dir='ltr'>detestantur,</span> <span class='ocrx_word' id='word_1_101' title='bbox 901 1550 977 1596; x_wconf 85' lang='lat' dir='ltr'>scd</span> <span class='ocrx_word' id='word_1_102' title='bbox 1008 1550 1183 1596; x_wconf 85' lang='lat' dir='ltr'>alterius</span> <span class='ocrx_word' id='word_1_103' title='bbox 1223 1550 1507 1609; x_wconf 82' lang='lat' dir='ltr'>intelligibilis</span> <span class='ocrx_word' id='word_1_104' title='bbox 1525 1573 1536 1609; x_wconf 77' lang='lat'>3</span> <span class='ocrx_word' id='word_1_105' title='bbox 1581 1550 1656 1595; x_wconf 83' lang='lat' dir='ltr'>cui</span> 
     </span>
     <span class='ocr_line' id='line_1_17' title="bbox 268 1621 1657 1678; baseline -0.003 -8"><span class='ocrx_word' id='word_1_106' title='bbox 268 1627 431 1671; x_wconf 83' lang='lat' dir='ltr'>animas</span> <span class='ocrx_word' id='word_1_107' title='bbox 453 1623 797 1669; x_wconf 81' lang='lat' dir='ltr'>multiformibus</span> <span class='ocrx_word' id='word_1_108' title='bbox 820 1623 974 1667; x_wconf 82' lang='lat' dir='ltr'>erroris</span> <span class='ocrx_word' id='word_1_109' title='bbox 996 1623 1187 1667; x_wconf 84' lang='lat' dir='ltr'>tenebris</span> <span class='ocrx_word' id='word_1_110' title='bbox 1209 1632 1405 1678; x_wconf 78' lang='lat' dir='ltr'>caecatas,</span> <span class='ocrx_word' id='word_1_111' title='bbox 1432 1632 1476 1666; x_wconf 90' lang='lat' dir='ltr'>et</span> <span class='ocrx_word' id='word_1_112' title='bbox 1501 1621 1657 1667; x_wconf 85' lang='lat' dir='ltr'>altissi-</span> 
     </span>
     <span class='ocr_line' id='line_1_18' title="bbox 267 1694 1649 1757; baseline -0.004 -14"><span class='ocrx_word' id='word_1_113' title='bbox 267 1699 347 1743; x_wconf 88' lang='lat' dir='ltr'>mis</span> <span class='ocrx_word' id='word_1_114' title='bbox 366 1714 388 1742; x_wconf 84' lang='lat' dir='ltr'>a</span> <span class='ocrx_word' id='word_1_115' title='bbox 405 1713 586 1757; x_wconf 79' lang='lat' dir='ltr'>corpore</span> <span class='ocrx_word' id='word_1_116' title='bbox 599 1695 799 1741; x_wconf 79' lang='lat' dir='ltr'>sordibus</span> <span class='ocrx_word' id='word_1_117' title='bbox 823 1694 1003 1751; x_wconf 83' lang='lat' dir='ltr'>oblitas,</span> <span class='ocrx_word' id='word_1_118' title='bbox 1030 1711 1259 1756; x_wconf 84' lang='lat' dir='ltr'>nunquam</span> <span class='ocrx_word' id='word_1_119' title='bbox 1276 1695 1356 1739; x_wconf 89' lang='lat' dir='ltr'>ista</span> <span class='ocrx_word' id='word_1_120' title='bbox 1374 1694 1483 1739; x_wconf 88' lang='lat' dir='ltr'>ratio</span> <span class='ocrx_word' id='word_1_121' title='bbox 1506 1694 1649 1739; x_wconf 88' lang='lat' dir='ltr'>subti-</span> 
     </span>
     <span class='ocr_line' id='line_1_19' title="bbox 267 1764 1658 1826; baseline -0.004 -12"><span class='ocrx_word' id='word_1_122' title='bbox 267 1769 427 1814; x_wconf 87' lang='lat' dir='ltr'>lissima</span> <span class='ocrx_word' id='word_1_123' title='bbox 445 1776 683 1822; x_wconf 86' lang='lat' dir='ltr'>revocaret,</span> <span class='ocrx_word' id='word_1_124' title='bbox 705 1766 785 1810; x_wconf 88' lang='lat' dir='ltr'>nisi</span> <span class='ocrx_word' id='word_1_125' title='bbox 799 1782 994 1811; x_wconf 90' lang='lat' dir='ltr'>summus</span> <span class='ocrx_word' id='word_1_126' title='bbox 1017 1769 1129 1810; x_wconf 88' lang='lat' dir='ltr'>Deus</span> <span class='ocrx_word' id='word_1_127' title='bbox 1147 1765 1348 1826; x_wconf 86' lang='lat' dir='ltr'>populari</span> <span class='ocrx_word' id='word_1_128' title='bbox 1370 1764 1561 1826; x_wconf 85' lang='lat' dir='ltr'>quadam</span> <span class='ocrx_word' id='word_1_129' title='bbox 1575 1764 1658 1809; x_wconf 87' lang='lat' dir='ltr'>cle-</span> 
     </span>
     <span class='ocr_line' id='line_1_20' title="bbox 268 1835 1656 1897; baseline -0.004 -13"><span class='ocrx_word' id='word_1_130' title='bbox 268 1840 430 1884; x_wconf 87' lang='lat' dir='ltr'>mentia</span> <span class='ocrx_word' id='word_1_131' title='bbox 459 1839 595 1883; x_wconf 88' lang='lat' dir='ltr'>divini</span> <span class='ocrx_word' id='word_1_132' title='bbox 627 1837 873 1882; x_wconf 89' lang='lat' dir='ltr'>intellectus</span> <span class='ocrx_word' id='word_1_133' title='bbox 908 1837 1213 1881; x_wconf 85' lang='lat' dir='ltr'>auctoritatem</span> <span class='ocrx_word' id='word_1_134' title='bbox 1245 1851 1386 1897; x_wconf 87' lang='lat' dir='ltr'>usque</span> <span class='ocrx_word' id='word_1_135' title='bbox 1421 1835 1477 1880; x_wconf 86' lang='lat' dir='ltr'>ad</span> <span class='ocrx_word' id='word_1_136' title='bbox 1513 1835 1656 1896; x_wconf 90' lang='lat' dir='ltr'>ipsum</span> 
     </span>
     <span class='ocr_line' id='line_1_21' title="bbox 269 1907 1657 1971; baseline -0.004 -16"><span class='ocrx_word' id='word_1_137' title='bbox 269 1926 425 1971; x_wconf 89' lang='lat' dir='ltr'>corpus</span> <span class='ocrx_word' id='word_1_138' title='bbox 455 1910 700 1953; x_wconf 88' lang='lat' dir='ltr'>humanum</span> <span class='ocrx_word' id='word_1_139' title='bbox 732 1907 997 1963; x_wconf 82' lang='lat' dir='ltr'>declinaret,</span> <span class='ocrx_word' id='word_1_140' title='bbox 1034 1916 1166 1968; x_wconf 86' lang='lat' dir='ltr'>atque</span> <span class='ocrx_word' id='word_1_141' title='bbox 1197 1907 1499 1963; x_wconf 82' lang='lat' dir='ltr'>submitteret,</span> <span class='ocrx_word' id='word_1_142' title='bbox 1534 1907 1657 1967; x_wconf 86' lang='lat' dir='ltr'>cujus</span> 
     </span>
     <span class='ocr_line' id='line_1_22' title="bbox 270 1977 1656 2041; baseline -0.004 -14"><span class='ocrx_word' id='word_1_143' title='bbox 270 1999 360 2027; x_wconf 94' lang='lat' dir='ltr'>non</span> <span class='ocrx_word' id='word_1_144' title='bbox 373 1981 515 2027; x_wconf 90' lang='lat' dir='ltr'>solum</span> <span class='ocrx_word' id='word_1_145' title='bbox 537 1980 781 2041; x_wconf 69' lang='lat' dir='ltr'>praeceptis,</span> <span class='ocrx_word' id='word_1_146' title='bbox 808 1978 885 2032; x_wconf 82' lang='lat' dir='ltr'>sed</span> <span class='ocrx_word' id='word_1_147' title='bbox 900 1977 1031 2024; x_wconf 85' lang='lat' dir='ltr'>ctiam</span> <span class='ocrx_word' id='word_1_148' title='bbox 1052 1979 1176 2024; x_wconf 85' lang='lat' dir='ltr'>factis</span> <span class='ocrx_word' id='word_1_149' title='bbox 1195 1979 1390 2024; x_wconf 81' lang='lat' dir='ltr'>excitatae</span> <span class='ocrx_word' id='word_1_150' title='bbox 1413 1978 1570 2023; x_wconf 84' lang='lat' dir='ltr'>animae</span> <span class='ocrx_word' id='word_1_151' title='bbox 1587 1993 1656 2021; x_wconf 90' lang='lat' dir='ltr'>re-</span> 
     </span>
     <span class='ocr_line' id='line_1_23' title="bbox 270 2048 1658 2113; baseline -0.004 -15"><span class='ocrx_word' id='word_1_152' title='bbox 270 2054 363 2099; x_wconf 85' lang='lat' dir='ltr'>dire</span> <span class='ocrx_word' id='word_1_153' title='bbox 376 2053 421 2097; x_wconf 90' lang='lat' dir='ltr'>in</span> <span class='ocrx_word' id='word_1_154' title='bbox 443 2053 708 2113; x_wconf 79' lang='lat' dir='ltr'>semetipsaS,</span> <span class='ocrx_word' id='word_1_155' title='bbox 729 2060 773 2096; x_wconf 88' lang='lat' dir='ltr'>et</span> <span class='ocrx_word' id='word_1_156' title='bbox 793 2050 1005 2111; x_wconf 88' lang='lat' dir='ltr'>respicere</span> <span class='ocrx_word' id='word_1_157' title='bbox 1018 2050 1219 2111; x_wconf 83' lang='lat' dir='ltr'>patriam,</span> <span class='ocrx_word' id='word_1_158' title='bbox 1235 2051 1367 2096; x_wconf 85' lang='lat' dir='ltr'>etiam</span> <span class='ocrx_word' id='word_1_159' title='bbox 1389 2050 1481 2095; x_wconf 90' lang='lat' dir='ltr'>sine</span> <span class='ocrx_word' id='word_1_160' title='bbox 1505 2048 1658 2109; x_wconf 84' lang='lat' dir='ltr'>dispu-</span> 
     </span>
     <span class='ocr_line' id='line_1_24' title="bbox 270 2121 1103 2181; baseline -0.006 -12"><span class='ocrx_word' id='word_1_161' title='bbox 270 2125 486 2170; x_wconf 82' lang='lat' dir='ltr'>tationum</span> <span class='ocrx_word' id='word_1_162' title='bbox 507 2121 831 2170; x_wconf 84' lang='lat' dir='ltr'>concertatione</span> <span class='ocrx_word' id='word_1_163' title='bbox 846 2121 1103 2181; x_wconf 87' lang='lat' dir='ltr'>potuissent.</span> 
     </span>
    </p>
   </div>
  </div>
 </body>
</html>
