1852 3163
516 208 680 238 (zoianA
714 208 974 237 ACADEMICOS
1007 209 1129 236 LIBER
1162 210 1228 235 111.
1485 197 1562 235 107

685 461 904 511 CAPUT
941 462 1054 510 XX.

647 607 903 656 Conclaszo
931 609 1105 670 operis.

233 770 398 814 XLIII.
426 770 517 813 Hoc
531 768 639 814 mihi
656 768 712 814 de
729 767 999 814 Academicis
1014 767 1190 813 interim
1204 765 1508 828 probabiliter,
1522 775 1573 811 ut

174 842 315 902 potui,
336 841 543 902 persuasi.
565 841 697 895 Quod
718 842 753 886 si
775 840 934 886 falsum
956 850 1035 896 est,
1061 840 1173 884 nihil
1196 839 1248 884 ad
1273 855 1359 895 me,
1384 839 1456 883 cui
1472 839 1573 887 satis

174 915 336 974 estjam
358 929 448 958 non
476 912 677 957 arbitrari
701 929 790 957 non
814 928 940 973 posse
966 912 1021 956 ab
1044 912 1224 956 homine
1243 911 1430 957 inveniri
1457 910 1574 955 vcri-

174 995 324 1030 tatem.
359 985 565 1046 Quisquis
595 994 743 1029 autem
776 994 903 1045 putat
930 985 1014 1029 hoc
1046 984 1228 1029 sensisse
1260 982 1572 1038 Academicos,

172 1049 315 1117 ipsum
337 1056 595 1102 Ciceronem
616 1055 780 1100 audiat.
805 1056 879 1101 Ait
900 1056 1015 1099 enim
1042 1054 1127 1099 illis
1157 1070 1325 1099 morem
1352 1054 1486 1099 fuisse
1502 1069 1577 1100 oc-

171 1128 369 1174 cultandi
403 1128 665 1173 sententiam
698 1144 820 1173 suam
837 1164 847 1184 ,
884 1143 966 1172 nec
1000 1143 1097 1172 eam
1132 1127 1341 1188 cuiquam
1383 1125 1465 1170 nisi
1499 1126 1576 1186 qui

171 1217 320 1246 secum
348 1201 402 1246 ad
429 1210 701 1245 senectutem
730 1216 868 1261 usque
896 1199 1093 1255 vixisset,
1127 1199 1294 1259 aperire
1325 1213 1570 1243 consuesse.

171 1275 281 1327 Quae
304 1273 357 1317 sit
375 1282 522 1318 autem
544 1272 640 1327 ista,
667 1275 783 1317 Deus
801 1271 975 1326 viderit,
1002 1286 1099 1315 eam
1114 1280 1262 1315 tamen
1278 1270 1464 1314 arbitror
1484 1269 1578 1313 Pla-

175 1344 285 1389 tonis
318 1342 464 1389 fuisse.
502 1343 586 1387 Sed
609 1352 659 1387 ut
689 1343 879 1386 breviter
904 1341 1124 1401 accipiatis
1149 1356 1278 1385 omne
1301 1340 1576 1400 propositum

169 1431 335 1471 meum,
352 1430 534 1476 quoquo
549 1413 683 1458 modo
699 1429 743 1458 se
758 1414 920 1458 habeat
936 1414 1130 1457 humana
1149 1412 1375 1473 sapientia,
1396 1427 1491 1456 eam
1504 1427 1576 1456 me

168 1485 297 1531 video
319 1485 519 1531 nondum
536 1485 793 1546 percepisse.
822 1484 908 1530 Sed
929 1500 1031 1529 cum
1043 1485 1312 1529 tricesimum
1334 1493 1377 1528 et
1393 1484 1576 1528 tertium

170 1558 310 1602 aetatis
333 1573 505 1602 annum
528 1572 653 1617 agam
673 1561 748 1613 (4),
776 1572 867 1600 non
882 1571 953 1599 me
968 1555 1156 1600 arbitror
1169 1555 1400 1616 desperare
1415 1555 1576 1599 debere

170 1645 265 1673 eam
278 1645 346 1674 me
361 1630 629 1691 quandoque
645 1628 925 1688 adepturum.
948 1628 1222 1687 Contemptis
1245 1619 1393 1671 tamen
1410 1627 1575 1671 caeteris

169 1701 393 1757 omnibus,
419 1717 520 1761 quae
545 1701 663 1744 bona
681 1698 886 1744 mortales
910 1708 1091 1759 putant,
1125 1699 1228 1743 huic
1261 1698 1575 1757 investigandae

168 1773 376 1818 inservire
405 1769 629 1832 proposui.
664 1774 702 1815 Α
731 1787 822 1832 quo
851 1786 921 1814 me
942 1771 1116 1828 negotio
1147 1770 1356 1831 quoniam
1385 1770 1574 1815 rationes

166 1843 530 1888 Academicorum
554 1858 643 1886 non
661 1840 815 1886 leviter
834 1840 1132 1897 deterrebant,
1151 1841 1268 1896 satis,
1292 1850 1343 1885 ut
1365 1841 1570 1896 arbitror,

167 1923 319 1960 contra
343 1930 412 1958 eas
434 1914 515 1958 ista
530 1912 1034 1973 disputationemunitus
1048 1927 1159 1956 sum.
1179 1910 1299 1958 Nulli
1318 1921 1465 1956 autem
1488 1912 1573 1957 du·-

168 1987 292 2032 bium
315 1996 380 2031 est
404 1986 579 2046 gemino
597 1985 793 2045 pondere
816 2001 895 2030 nos
916 1983 1085 2045 impelli
1100 1983 1155 2029 ad
1169 1984 1446 2041 discendum,
1464 2001 1571 2029 auc-

168 2057 354 2103 toritatis
381 2067 512 2118 atque
543 2056 736 2100 rationis.
763 2056 874 2101 Mihi
896 2065 1043 2100 autem
1066 2066 1236 2101 certum
1264 2065 1330 2101 est
1353 2072 1571 2117 nusquam

167 2145 344 2189 prorsus
367 2145 391 2173 a
409 2128 571 2174 Christi
591 2127 851 2172 auctoritate
872 2127 1093 2172 discedere
1120 2147 1129 2172 :
1151 2144 1241 2173 non
1259 2127 1376 2172 enim
1400 2128 1569 2188 reperio

167 2200 470 2247 valentiorem.
497 2200 628 2254 Quod
642 2209 791 2245 autem
816 2198 1097 2244 subtilissima
1115 2201 1282 2244 ratione
1295 2215 1567 2261 persequen-

169 2272 276 2317 dum
303 2281 381 2328 est,
410 2273 469 2317 ita
493 2271 609 2316 enim
632 2272 723 2332 jam
747 2287 844 2315 sum
876 2271 1076 2327 affectus,
1108 2281 1159 2316 ut
1191 2271 1302 2333 quid
1329 2272 1382 2316 sit
1409 2286 1566 2316 verum

168 2361 259 2390 non
287 2343 505 2389 credendo
540 2343 709 2400 solum,
744 2344 819 2388 sed
857 2343 987 2388 etiam
1010 2344 1297 2403 intelligendo
1320 2344 1568 2404 apprehen-

169 2415 272 2461 dcrc
296 2415 572 2475 impatienter
595 2415 836 2459 desiderem
852 2450 863 2470 ,
890 2415 1008 2475 apud
1033 2414 1280 2460 Platonicos
1301 2430 1372 2459 me
1391 2415 1567 2459 interim

171 2487 291 2548 quod
307 2487 436 2532 sacris
454 2487 609 2531 nostris
621 2503 711 2531 non
730 2496 960 2547 repugnet,
980 2496 1257 2547 reperturum
1266 2502 1356 2531 esse
1368 2485 1561 2531 confido.

228 2559 473 2604 XLIV.Hic
495 2567 731 2620 postquam
754 2558 963 2604 sermonis
982 2558 1112 2603 finem
1135 2558 1368 2603 mesecisse
1389 2572 1566 2617 aspexe-
