1852 3163
511 137 674 166 comam
708 135 970 164 AeAnEMicos
1003 137 1127 163 menn
1160 137 1226 162 111.
1498 123 1552 161 95

149 204 384 264 pientiam
405 201 527 248 nulla
560 204 653 265 jam
669 217 797 247 causa
820 200 1065 245 iemanebit
1086 216 1165 245 eur
1182 214 1273 245 non
1294 199 1554 244 assentiatur

148 274 318 336 sapiens
340 274 437 320 vel
427 290 509 335 lpsl
520 283 759 335 sapientiae
776 275 855 317 Est
869 271 987 316 enim
1001 271 1092 316 sine
1113 269 1390 316 dubitatione
1406 285 1557 315 mons-

147 347 306 392 tlosius
318 346 558 427 sapientem
576 361 666 390 non
679 344 922 406 approbare
935 342 1210 404 sapientiam,
1227 358 1361 404 quam
1380 341 1556 403 sapien-

155 429 245 465 tem
266 420 434 464 nescire
455 418 729 479 sapientiam.

208 493 375 536 XXXI.
411 493 523 537 Nam
540 506 716 552 quaeso,
739 487 975 551 paululum
1007 487 1132 549 quasi
1155 495 1258 532 ante
1289 484 1441 532 oculos
1473 484 1561 531 tale

150 562 450 624 spectaculum
469 562 810 618 constituamus,
832 561 866 606 si
888 575 1141 621 possumus,
1167 558 1303 603 rixam
1320 556 1562 620 quamdam

151 634 358 695 sapientis
380 644 425 679 et
441 635 681 695 sapientiae.
709 632 828 688 Quid
845 631 966 677 aliud
988 631 1096 677 dicit
1113 627 1324 692 sapientia
1340 666 1351 687 ,
1368 645 1501 691 quam
1517 643 1563 673 se

152 722 243 751 esse
267 706 554 767 sapientiam?
575 709 634 752 At
662 715 815 751 contra
837 704 940 749 iste:
965 707 1065 750 Non
1088 703 1242 759 credo,
1267 702 1428 764 inquit.
1455 700 1564 756 Quis

152 778 213 823 ait
235 779 463 839 sapientiae
483 797 492 824 2
513 781 613 825 Non
628 777 761 823 credo
784 792 874 822 esse
889 775 1144 838 sapientiam
1160 777 1178 820 Ρ
1194 775 1292 837 quis
1313 773 1394 819 nisi
1416 774 1450 818 is
1462 788 1567 818 cum

151 866 241 912 quo
258 849 333 895 illa
356 850 479 912 loqui
523 851 690 911 potuit,
718 851 819 894 etin
842 848 1143 911 quohabitare
1165 847 1345 907 dignata
1367 855 1453 902 est,
1479 845 1565 890 sci-

150 920 255 967 licet
272 922 474 983 sapiens?
495 925 561 967 Ite
583 938 703 966 nunc
722 931 766 966 et
779 936 850 966 me
872 919 1056 981 quaerite
1073 955 1084 975 ,
1111 918 1188 981 qui
1206 935 1309 964 cum
1329 916 1566 963 Academi-

152 995 212 1040 cis
251 1011 468 1056 pugnem,
505 995 680 1040 habeti's
707 995 799 1055 jam
829 1008 998 1039 novum
1030 1001 1285 1051 certamen,
1310 991 1479 1052 sapiens
1522 998 1566 1035 et

149 1066 366 1128 sapientia
389 1083 539 1112 secum
560 1075 779 1128 pugnant.
810 1065 990 1126 Sapiens
1009 1080 1099 1110 non
1121 1063 1218 1110 vult
1234 1062 1482 1109 consentire
1503 1077 1567 1106 sa-

151 1137 354 1198 pientiae,
390 1154 472 1200 ego
493 1138 725 1184 vobiscum
745 1153 924 1183 securus
951 1145 1152 1197 expecto.
1182 1135 1290 1189 Quis
1314 1135 1433 1180 enim
1475 1148 1569 1178 non

151 1209 303 1255 credat
324 1209 534 1257 invictam
552 1226 643 1256 esse
664 1209 949 1271 sapientiam?
974 1212 1139 1254 Tamen
1156 1224 1235 1253 nos
1267 1207 1414 1270 aliqua
1443 1221 1568 1252 com-

152 1279 356 1341 plexione
372 1282 639 1327 muniamus.
656 1285 748 1327 Aut
769 1282 888 1326 enim
909 1280 956 1325 in
974 1281 1061 1325 hoc
1075 1279 1314 1325 certamine
1337 1278 1569 1324 Academi-

153 1367 231 1397 cus
262 1352 412 1399 vincet
444 1353 702 1414 sapientiam
719 1388 731 1410 ,
766 1362 811 1397 et
834 1368 859 1397 a
880 1367 951 1396 me
971 1351 1198 1408 vincetur,
1225 1350 1330 1412 quia
1361 1366 1455 1396 non
1488 1349 1570 1395 erit

152 1424 346 1486 sapiens:
368 1434 445 1471 aut
476 1426 534 1470 ab
572 1443 622 1472 ea
654 1425 957 1487 superabitur,
992 1433 1038 1470 et
1069 1423 1313 1486 sapientem
1344 1423 1570 1485 sapientiae

153 1497 401 1543 consentire
422 1489 697 1543 docebimus.
718 1501 811 1544 Aut
831 1498 967 1558 igitur
980 1497 1150 1559 sapiens
1163 1496 1454 1543 Academicus
1476 1512 1570 1543 non

154 1579 241 1627 est,
268 1580 345 1615 aut
366 1569 572 1616 nonnulli
594 1570 656 1615 rei
699 1571 869 1632 sapiens
889 1571 1175 1617 assentietur:
1194 1570 1277 1615 nisi
1298 1569 1414 1616 forte
1436 1584 1571 1632 quem

156 1640 304 1686 dicere
315 1641 480 1702 puduit
501 1641 742 1701 sapientem
758 1642 926 1686 nescire
941 1642 1215 1702 sapientiam,
1228 1643 1468 1702 sapientem
1477 1657 1572 1687 non

157 1713 405 1758 consentire
428 1712 653 1773 sapientiae
676 1711 822 1757 dicere
850 1729 942 1758 non
975 1713 1186 1774 pudebit?
1208 1716 1267 1759 At
1288 1714 1322 1758 si
1345 1714 1437 1774 jam
1458 1713 1571 1759 veri-

157 1784 298 1830 simile
320 1793 385 1828 est
400 1783 556 1828 eadere
578 1783 624 1827 in
645 1784 886 1844 sapientem
899 1783 971 1829 vel
987 1784 1122 1845 ipsius
1145 1783 1369 1845 sapientiae
1387 1800 1572 1846 percep-

157 1858 321 1902 tionem
336 1891 347 1912 ,
369 1865 413 1901 et
433 1854 556 1900 nulla
585 1871 714 1900 causa
737 1864 826 1912 est,
852 1871 932 1900 cur
972 1872 1064 1900 non
1096 1856 1136 1900 ei
1158 1855 1281 1918 quod
1303 1866 1446 1917 potest
1464 1872 1571 1918 per-

157 1929 244 1990 cipi
266 1927 547 1984 assentiatur,
583 1927 714 1973 video
735 1928 858 1988 quod
881 1927 1084 1973 volebam
1107 1944 1198 1973 esse
1219 1928 1476 1985 verisimile,
1502 1945 1571 1974 sa-

158 2001 354 2062 pientem
371 1999 536 2045 scilicet
557 2015 836 2045 assensurum
859 2015 949 2045 esse
967 2000 1206 2060 sapientiae.
1231 2001 1273 2047 Si
1291 2017 1391 2062 quae
1408 2017 1474 2046 res
1492 2002 1572 2046 ubi

160 2073 355 2118 inveniat
385 2072 523 2133 ipsam
551 2071 833 2131 sapientiam,
870 2072 1147 2133 respondebo
1181 2073 1227 2118 in
1250 2073 1499 2134 semetipso.
1529 2073 1572 2119 Si

162 2143 269 2190 dicis
292 2159 394 2189 eum
411 2143 578 2188 nescire
601 2142 722 2204 quod
744 2143 927 2199 habeat,
954 2143 1067 2189 redis
1091 2143 1146 2189 ad
1167 2143 1279 2189 illud
1303 2144 1568 2202 absurdum,

162 2215 405 2276 sapientem
427 2214 593 2260 nescire
621 2215 895 2276 sapientiam.
925 2215 968 2260 Si
999 2215 1241 2276 sapientem
1264 2217 1410 2277 ipsum
1436 2232 1570 2277 negas

162 2302 288 2348 posse
309 2286 519 2343 inveniri,
544 2303 635 2332 non
651 2287 744 2348 jam
761 2302 862 2332 cum
876 2287 1174 2344 Academicis,
1196 2287 1273 2332 sed
1286 2297 1434 2333 tecum
1450 2289 1572 2350 quis-

165 2360 262 2422 quis
283 2360 369 2404 hoc
390 2360 545 2417 sentis,
572 2375 772 2405 sermone
795 2359 879 2404 alio
909 2359 1183 2405 disseremus.
1212 2359 1283 2405 Illi
1319 2361 1437 2406 enim
1469 2377 1572 2406 cum

165 2433 262 2477 haec
295 2430 543 2493 disputant,
569 2431 625 2478 de
654 2432 850 2494 sapiente
882 2432 1082 2492 profecto
1121 2432 1362 2493 disputant.
1400 2433 1573 2479 Clamat

167 2503 322 2551 Cicero
347 2519 390 2549 se
411 2503 557 2565 ipsum
567 2519 780 2565 magnum
793 2520 883 2549 esse
897 2505 1168 2565 opinatorem
1185 2540 1196 2561 ,
1217 2505 1294 2551 sed
1307 2506 1362 2552 de
1375 2506 1571 2566 sapiente
