1888 3168
486 193 608 222 1,qust
642 193 696 220 DE
729 189 1002 228 ρυΑΝΤιΤΑἹἘ
1037 190 1198 217 AMMAE.
1456 177 1535 214 257

145 258 236 304 sola
254 259 366 304 ratio
381 258 568 304 dicenda
584 267 663 313 est,
676 256 723 302 id
736 265 813 311 est,
829 270 930 300 vera
948 254 1079 300 ratio:
1102 264 1146 299 et
1157 269 1248 299 non
1265 250 1407 298 solum
1424 267 1542 308 vera,

145 329 222 375 sed
248 330 308 376 ita
331 339 470 384 certa,
497 338 540 373 et
565 329 620 373 ab
650 328 770 373 omni
792 325 1077 372 similitudine
1100 324 1298 369 falsitatis
1323 323 1485 380 aliena,
1512 324 1549 369 si

146 411 294 447 tamen
329 401 420 447 ullo
455 398 589 445 modo
624 400 720 444 haec
759 397 814 444 ab
851 397 1030 442 homine
1068 396 1254 442 inveniri
1290 405 1455 457 potest,
1497 404 1548 439 ut

146 473 281 518 nullae
304 472 620 534 disputationes
648 470 765 515 falsae
788 478 863 515 aut
884 467 1135 514 verisimiles
1158 467 1214 512 ab
1239 483 1288 512 ea
1310 477 1353 513 te
1379 467 1547 527 possint

146 545 390 590 traducere.
419 547 471 590 E.
503 543 621 590 Nihil
634 545 726 605 jam
749 557 1026 604 praepropere
1047 539 1333 586 desiderabo:
1371 549 1471 599 agat
1500 555 1551 585 ac

146 616 280 664 ducat
302 617 411 662 ratio
433 633 520 678 qua
541 615 653 672 vult,
674 613 916 661 dummodo
934 612 1163 676 perducat.
1209 615 1215 622 '

149 777 218 793 41Ὰὶ
223 777 291 793 ’νῑινὶ
296 776 506 793 ΝἫΨᾺΏΊΜΜ
512 776 578 792 ἱννὶ
583 775 650 793 m&
655 775 722 792 WU
727 776 794 792 ἋΑΛ
800 775 865 791 §W
870 774 938 791 WU!
943 774 1010 791 viat!
1016 773 1082 790 ἋΑΊ
1088 773 1154 789 ἱνὶἱ
1160 773 1226 789 m'!
1232 772 1298 788 mm
1305 772 1369 788 xvv}
1377 772 1442 789 lm
1448 772 1513 788 ἱίῒὶ
1519 773 1546 789 11

635 899 853 949 CAPUT
907 899 1052 947 wll.

148 1043 418 1109 Defigum's
445 1043 819 1091 mathematicis.
849 1072 904 1078 —
943 1044 1074 1109 Quot
1102 1041 1239 1089 lineis
1250 1044 1548 1106 figurasiac.

266 1145 321 1151 —-
343 1115 602 1181 Quomodo
622 1114 773 1163 tribus
797 1115 1115 1179 lineisfigw'a
1134 1115 1288 1177 possit
1293 1115 1428 1177 fieri.

202 1256 330 1299 XIII.
353 1257 406 1300 A.
433 1257 551 1301 Deus
567 1256 653 1300 hoc
676 1254 830 1312 faciet,
847 1255 924 1316 qui
940 1264 1016 1300 aut
1030 1252 1085 1300 de
1103 1253 1202 1300 solis
1221 1252 1382 1299 talibus
1395 1252 1525 1298 rebus
1538 1287 1549 1309 ,

142 1335 219 1371 aut
250 1335 368 1372 certe
399 1326 454 1371 de
484 1327 552 1371 his
582 1326 769 1372 maxime
804 1324 1108 1387 deprecandus
1140 1334 1231 1371 est:
1270 1325 1346 1370 sed
1364 1323 1549 1379 adrem,

141 1414 276 1458 quam
297 1398 594 1454 institueram,
617 1397 861 1442 redeamus.
879 1401 989 1443 Nam
1012 1397 1046 1442 si
1071 1405 1115 1441 et
1141 1396 1249 1458 quid
1274 1397 1330 1441 sit
1352 1394 1482 1451 linea,
1509 1404 1553 1440 et

141 1469 251 1530 quid
268 1469 322 1513 sit
343 1470 482 1527 figura
498 1470 591 1530 jam
613 1469 695 1513 tihi
713 1478 870 1514 notum
894 1478 973 1525 est,
993 1467 1063 1513 dic
1081 1467 1203 1530 quod
1218 1468 1294 1514 abs
1316 1477 1356 1513 te
1378 1482 1547 1530 quaero,

140 1540 186 1585 id
208 1550 287 1597 est,
306 1550 457 1586 utrum
479 1550 607 1602 putes
630 1540 767 1587 ullam
796 1543 984 1602 figuram
1005 1541 1102 1586 fieri
1123 1557 1269 1602 posse,
1296 1540 1330 1585 si
1360 1540 1475 1585 linea
1498 1555 1550 1583 ex

140 1623 327 1674 utraque
355 1623 502 1673 parte,
526 1623 604 1658 aut
636 1630 687 1659 ex
721 1613 857 1659 altera
892 1630 970 1674 per
998 1613 1222 1657 infinitum
1255 1613 1458 1656 ducatur.
1492 1614 1544 1655 E.

140 1684 275 1730 Nullo
297 1684 432 1729 modo
460 1684 507 1728 id
529 1685 623 1727 fieri
641 1699 766 1744 posse
788 1686 1020 1728 confirmo.
1045 1686 1098 1728 A.
1121 1682 1240 1737 Quid
1259 1683 1393 1742 igitur
1415 1699 1549 1743 agen-

141 1755 250 1800 dum
276 1765 340 1799 est
360 1764 412 1799 ut
440 1755 627 1814 figuram
654 1753 895 1799 faciamus?
921 1757 972 1798 E.
1001 1754 1119 1808 Quid
1148 1755 1230 1799 nisi
1253 1764 1303 1799 ut
1330 1754 1404 1800 illa
1432 1754 1548 1800 linca

141 1827 312 1872 infinita
335 1842 426 1872 non
455 1825 524 1882 sit,
551 1835 595 1870 et
617 1826 806 1871 ducatur
835 1827 881 1870 in
904 1825 1143 1882 circulum,
1165 1835 1215 1870 ut
1237 1842 1289 1871 ex
1312 1826 1394 1871 alia
1424 1835 1546 1887 parte

141 1915 186 1945 se
209 1898 467 1958 contingat?
490 1913 581 1943 non
614 1897 732 1942 enim
762 1896 893 1943 video
925 1897 1151 1959 quomodo
1176 1897 1301 1943 aliter
1324 1898 1460 1959 possit
1495 1914 1545 1943 ex

142 1987 231 2016 una
247 1969 363 2015 linea
380 1967 587 2015 concludi
604 1968 786 2030 aliquod
808 1968 1016 2030 spatium,
1043 1968 1167 2032 quod
1189 1970 1272 2015 nisi
1293 1971 1370 2015 fiat
1387 1987 1550 2017 secun-

142 2043 250 2089 dum
270 2051 394 2087 tuam
417 2040 772 2101 descriptionem,
791 2042 931 2100 figura
955 2057 1046 2086 non
1063 2042 1160 2087 erit.
1182 2045 1235 2088 A.
1258 2041 1375 2096 Quid
1397 2043 1430 2087 si
1454 2059 1546 2089 rec-

142 2115 195 2159 tis
215 2113 340 2159 lineis
367 2115 555 2174 figuram
572 2112 715 2158 facere
737 2111 886 2169 velim,
912 2114 1167 2173 potestlfieri
1184 2122 1234 2159 ut
1250 2112 1304 2158 de
1321 2130 1409 2159 una
1431 2113 1547 2160 linea

142 2186 240 2241 fiat,
267 2202 323 2231 au
346 2201 437 2231 non
457 2187 634 2246 potest?
655 2186 707 2230 E.
733 2183 866 2231 Nullo
899 2184 1047 2230 modo.
1084 2188 1137 2230 A.
1169 2185 1311 2241 Quid,
1344 2184 1547 2232 duabus?

142 2260 195 2303 E.
221 2261 285 2303 Ne
306 2258 391 2303 hoc
414 2257 609 2319 quidem.
635 2260 688 2302 A.
715 2256 855 2313 Quid,
882 2257 1055 2303 tribus?
1076 2260 1129 2303 E.
1158 2257 1299 2303 Video
1320 2274 1460 2318 posse.
1487 2262 1541 2304 A.

144 2333 261 2375 Bene
281 2329 413 2390 igitur
429 2330 606 2375 nostiae
626 2339 744 2374 tenes
756 2365 766 2385 7
782 2345 883 2374 cum
901 2330 1041 2389 figura
1057 2328 1182 2375 lineis
1200 2330 1327 2375 rectis
1345 2329 1545 2376 facienda

145 2410 224 2457 est,
247 2402 392 2446 minus
415 2417 549 2463 quam
576 2401 718 2446 tribus
737 2417 827 2446 non
849 2417 989 2461 posse.
1015 2404 1085 2447 An
1111 2401 1145 2446 si
1168 2401 1258 2446 ulla
1282 2402 1362 2447 tibi
1386 2403 1544 2448 adver-

145 2482 263 2518 setur
283 2473 407 2527 ratio,
424 2472 577 2518 dehac
600 2482 642 2517 te
659 2473 874 2518 sententia
891 2472 1149 2519 devocabit?
1165 2477 1217 2519 E.
1237 2473 1372 2519 Plane
1394 2475 1427 2519 si
1447 2474 1543 2536 quis

145 2544 252 2589 mihi
285 2545 368 2590 hoc
397 2543 557 2589 falsum
589 2561 678 2590 esse
704 2545 1028 2600 monstraverit,
1067 2544 1175 2590 nihil
1210 2545 1292 2590 erit
1322 2545 1442 2606 quod
1473 2561 1543 2590 me

417 2627 540 2657 cvm.
1308 2617 1357 2657 17
