1888 3168
498 204 625 231 LIBER
655 204 709 231 DE
743 199 1103 231 IMMORTALITATE
1136 199 1299 230 ANIMAE.
1510 190 1594 231 23⁵

201 270 390 332 pertitio,
416 286 517 332 quae
534 279 649 314 certa
668 270 918 317 commixtio
942 279 1006 314 est
1028 285 1177 313 earum
1204 279 1395 330 quatuor
1416 279 1596 315 natura-

201 360 298 389 rum
311 343 471 404 quibus
492 342 608 387 idem
623 360 779 404 eorpus
792 342 985 388 subsistit
996 378 1006 398 ‚
1023 351 1216 387 avertere
1234 357 1278 386 se
1293 342 1348 386 ab
1363 357 1415 387 eo
1432 351 1594 403 potest,

200 415 246 460 in
264 431 353 476 quo
368 414 565 475 subjecto
580 424 645 459 est
660 413 1021 476 inseparabiliter.
1038 414 1108 459 Ad
1129 414 1224 458 haee
1239 448 1250 469 ‚
1276 428 1325 457 ea
1348 429 1448 474 quae
1470 415 1598 459 intel-

200 487 297 546 ligit
322 487 491 532 animus
508 503 608 531 eum
638 504 682 531 se
705 488 862 532 avertit
882 504 905 531 a
927 502 1110 547 corpore
1126 521 1137 541 ‚
1161 501 1252 530 non
1275 494 1377 530 sunt
1399 484 1599 546 profecto

201 574 430 618 corporea,
449 567 493 602 et
521 567 670 602 tamen
692 569 819 615 sunt,
846 558 1119 618 maximeque
1152 565 1280 611 sunt,
1306 572 1409 601 nam
1443 556 1599 601 eodem

200 628 333 674 modo
351 645 521 690 semper
542 646 632 674 sese
650 630 831 675 habent.
850 632 961 676 Nam
976 628 1088 673 nihil
1105 627 1335 673 absurdius
1353 628 1440 673 diei
1457 637 1602 689 potest

200 717 335 763 quam
347 716 397 746 ea
414 717 505 746 esse
522 719 622 763 quae
643 702 779 748 oculis
795 702 1017 759 videmus,
1034 717 1083 746 ea
1100 717 1191 746 non
1208 716 1298 745 esse
1317 716 1417 761 quae
1435 700 1602 746 intelli-

201 774 346 833 gentia
379 774 622 829 cernimus,
648 790 749 820 eum
774 773 979 819 dubitare
999 773 1214 818 dementis
1243 772 1297 817 sit
1312 807 1323 828 ‚
1348 771 1601 832 intelligen-

199 845 303 890 tiam
331 845 733 907 incomparabiliter
768 845 906 892 oeulis
942 845 1165 891 anteferri.
1193 847 1299 889 Haec
1325 853 1473 889 autem
1500 861 1600 906 quae

198 915 508 976 intelligut‘itur
523 917 677 963 eodeni
695 918 828 964 modo
852 933 942 962 sese
963 917 1193 972 habentia,
1211 933 1312 961 eum
1337 933 1386 961 ea
1400 918 1600 962 intuetur

199 988 370 1033 animus
387 1024 397 1044 ,
423 989 523 1033 satis
537 989 728 1034 ostendit
749 1006 794 1034 se
810 989 893 1034 illis
915 1004 1005 1034 esse
1018 989 1306 1050 conjunctum
1319 1024 1330 1045 ,
1357 988 1469 1034 miro
1489 1005 1601 1050 quo-

199 1060 300 1104 dam
319 1059 562 1121 eodemque
590 1061 855 1122 incorporali
874 1060 1033 1116 modo,
1059 1060 1224 1106 seilicet
1254 1076 1346 1105 non
1382 1059 1596 1105 localiter.

197 1133 398 1192 Namque
431 1140 506 1177 aut
531 1133 578 1176 in
599 1132 676 1178 illo
697 1143 823 1188 sun't‚
853 1141 928 1177 aut
950 1132 1040 1192 ipse
1061 1132 1107 1176 in
1135 1130 1234 1175 illis.
1258 1134 1316 1176 Et
1337 1131 1601 1176 utrumlibet

196 1203 357 1248 horum
371 1204 425 1249 sit
435 1240 446 1259 ‚
465 1214 542 1249 aut
558 1205 604 1248 in
617 1205 815 1266 subjecto
827 1203 1016 1248 alterum
1032 1204 1078 1247 in
1090 1202 1227 1248 altero
1243 1212 1322 1259 est,
1338 1213 1413 1248 aut
1426 1212 1602 1248 utrum-

197 1291 285 1336 que
308 1275 552 1321 substantia
575 1286 653 1321 est.
694 1276 779 1322 Sed
802 1276 836 1320 si
865 1275 978 1321 illud
1005 1275 1197 1336 primum
1224 1285 1311 1331 est,
1337 1291 1430 1320 non
1458 1285 1523 1320 est
1556 1276 1600 1321 in

197 1348 396 1409 subjecto
417 1364 600 1409 corpore
625 1349 796 1393 animus
811 1384 821 1404 ‚
839 1358 890 1393 ut
911 1347 1032 1393 color
1046 1357 1090 1391 et
1106 1346 1269 1392 forma:
1296 1347 1399 1408 quia
1416 1346 1486 1392 vel
1509 1347 1600 1408 ipse

196 1419 440 1464 substantia
458 1430 522 1464 est
536 1456 547 1476 ‚
561 1420 632 1466 vel
650 1419 773 1464 alteri
793 1419 1047 1464 substantiae
1061 1454 1071 1474 ‚
1093 1434 1192 1479 quae
1216 1434 1373 1479 eorpus
1396 1435 1486 1463 non
1509 1429 1596 1475 est,

196 1491 242 1534 in
263 1490 462 1551 subjecto
483 1491 610 1535 inest.
634 1491 677 1536 Si
699 1500 848 1535 autem
869 1491 954 1535 1100
972 1489 1217 1535 seeundum
1231 1506 1386 1536 verum
1409 1499 1494 1547 est,
1508 1507 1599 1536 non

194 1571 260 1606 est
280 1562 323 1606 in
346 1563 544 1624 subjecto
565 1578 748 1623 corpore
770 1571 981 1623 tanquam
995 1562 1116 1607 eolor
1141 1563 1336 1619 animus,
1364 1563 1468 1624 quia
1490 1564 1597 1607 sub-

195 1633 351 1677 stantia
372 1642 450 1677 est.
472 1633 746 1693 Temperatio
761 1643 907 1678 autem
925 1634 1118 1693 corporis
1134 1634 1180 1677 in
1201 1634 1397 1694 subjecto
1415 1650 1598 1694 corpore

194 1713 259 1748 est
279 1713 491 1764 tanquam
514 1703 661 1749 color:
687 1719 780 1762 non
800 1713 864 1748 est
887 1719 989 1762 ergo
1005 1705 1264 1765 temperatio
1289 1706 1481 1766 eorporis
1499 1708 1597 1751 ani-

192 1791 309 1830 mus,
335 1775 410 1820 sed
440 1775 526 1820 vita
558 1784 622 1819 est
660 1776 852 1820 animus:
878 1785 921 1820 et
942 1792 986 1820 se
1015 1775 1138 1820 nulla
1160 1792 1228 1821 res
1248 1776 1410 1822 deserit
1432 1799 1442 1836 3
1468 1788 1513 1823 et
1551 1778 1597 1823 id

193 1847 379 1891 moritur
401 1846 525 1908 quod
544 1847 634 1893 vita
658 1846 838 1891 deserit:
857 1862 946 1892 non
960 1846 1095 1906 igitur
1112 1848 1283 1893 animus
1306 1849 1417 1894 mori
1433 1859 1591 1910 potest.

193 2016 549 2033 QMMMMMMMW
556 2016 620 2033 mm
626 2016 692 2033 ἋΜ
698 2016 1261 2035 umxuwmmm=mmmmmw=
1265 2019 1589 2038 QWWVQMMMMW

723 2140 759 2187 C
772 2140 943 2190 APUT
980 2143 1069 2190 XI.

193 2285 401 2330 Animus
417 2301 505 2330 nee
522 2285 904 2350 perfidsz'tatem
920 2288 1048 2346 perit
1065 2288 1262 2332 veritati
1271 2290 1588 2346 contrariam,

511 2359 603 2403 etsi
628 2359 786 2403 (azimi
805 2368 874 2402 est
898 2374 1051 2404 eausa
1073 2360 1272 2404 veritas.

253 2495 419 2537 XVIII.
455 2495 625 2539 Runsrs
654 2494 787 2553 igitur
823 2495 854 2539 si
899 2494 1006 2555 quid
1038 2495 1329 2540 metuendum
1352 2506 1437 2553 est,
1459 2497 1503 2541 id
1527 2506 1591 2541 est

192 2564 481 2609 metuendum
505 2581 560 2610 ne
589 2566 834 2613 deficiendo
872 2567 1041 2612 animus
1078 2568 1287 2623 intereat.
1311 2568 1358 2613 id
1393 2579 1457 2614 est
1479 2569 1585 2613 dum
