1888 3168
268 177 348 216 4⁴18
700 183 733 211 s.
772 183 1001 212 Atccsrim
1036 183 1215 211 El‘lscol‘t

267 262 433 304 autem,
459 253 519 294 sit
539 248 698 295 Derim
714 247 998 311 benignitas.
1020 252 1080 293 M.
1099 252 1217 301 Quot
1234 248 1472 307 semipedes
1491 248 1648 293 habet?

266 327 316 367 l).
346 326 534 382 Septem.
558 324 618 365 M.
648 324 743 381 Ipsa
765 321 873 365 ratio
896 329 937 364 te
955 319 1076 363 duxit
1099 320 1290 363 omnino.
1316 320 1428 363 Cum
1446 319 1561 361 enim
1583 319 1649 362 ui-

265 393 325 437 iiil
360 393 412 437 sit
440 390 686 453 :equalitate
708 390 884 445 melius,
909 405 1090 450 eamque
1119 389 1165 433 in
1186 387 1421 433 dividendo
1449 397 1650 447 appetere

267 471 486 524 oporteat,
511 462 543 506 si
566 463 709 506 minus
730 460 922 521 potuerit
944 460 1154 514 obtineri,
1179 459 1372 503 vicinitas
1406 459 1498 518 ejus
1527 473 1650 519 quae-

268 534 401 579 renda
425 543 509 588 est,
535 550 590 577 nc
617 534 670 577 ab
700 550 747 577 ea
781 533 952 591 longius
975 532 1239 576 aberremus.
1264 535 1416 592 Itaque
1453 545 1553 575 cum
1581 531 1651 575 hic

263 621 410 650 versus
445 621 594 650 omnes
627 603 878 665 quindecim
911 602 1149 663 semipedes
1184 602 1362 658 habeat,
1396 617 1484 646 non
1508 601 1652 662 potuit

265 677 431 738 {equitis
453 692 584 737 quam
607 676 652 719 in
675 684 773 720 octo
802 684 845 719 et
868 684 1033 734 septem
1050 673 1206 719 dividi:
1223 689 1323 718 nam
1340 673 1489 718 eadem
1520 682 1585 718 est
1605 673 1651 717 in

265 757 430 809 septem
449 757 489 792 et
517 756 615 793 octo
639 746 847 791 vicinitas.
873 745 957 791 Sed
978 745 1036 790 ita
1059 761 1148 791 non
1166 754 1407 790 servaretur
1428 754 1532 789 nota
1554 743 1650 788 linis

266 820 309 864 in
335 829 527 880 tempore
549 817 746 863 breviore
762 853 772 872 ,
798 827 847 862 ut
869 833 963 862 eam
984 817 1240 862 servandam
1258 817 1365 862 ratio
1388 817 1478 877 ipsa
1494 815 1651 876 praeci-

266 891 350 950 pit:
368 906 467 935 nam
486 890 519 934 si
533 889 627 933 talis
643 904 791 934 versus
806 898 941 943 esset,
958 888 1114 933 Roma
1127 903 1267 934 cerne
1285 897 1469 948 quanta
1491 887 1552 931 sit
1569 884 1656 930 tibi

266 962 424 1007 Deam
443 959 735 1023 bemgm'tas,
755 970 803 1005 ut
825 961 1036 1021 inciperet
1057 961 1302 1005 membrum
1325 960 1370 1003 in
1386 959 1451 1004 his
1469 958 1654 1018 semipe-

266 1033 392 1077 dibus
428 1042 615 1093 septem,
642 1032 800 1077 Roma
822 1048 962 1077 cerne
984 1041 1170 1091 quanta
1204 1031 1285 1087 sit,
1311 1039 1354 1075 ct
1389 1031 1435 1075 in
1466 1030 1531 1074 his
1554 1037 1651 1074 octo

267 1104 451 1149 alterum
474 1104 803 1158 terminaretur,
832 1101 920 1147 tibi
937 1101 1097 1148 DezZm
1121 1101 1415 1163 benltgrm'las:
1441 1117 1530 1146 non
1551 1116 1652 1161 pos·-

266 1185 330 1219 sct
347 1190 518 1220 versum
535 1175 716 1234 semipes
731 1173 955 1219 claudere:
971 1182 1068 1218 octo
1086 1174 1201 1218 enim
1213 1172 1450 1233 semipedes
1464 1181 1653 1233 quatuor

266 1247 454 1305 integros
476 1246 608 1306 pedes
631 1245 812 1290 faciunt.
837 1244 976 1290 Simul
991 1244 1202 1289 incideret
1213 1243 1295 1288 alia
1313 1243 1586 1299 deformitas,
1603 1251 1654 1288 ut
1684 1251 1689 1254 ”

267 1334 356 1364 non
380 1317 554 1363 eosdem
571 1318 703 1378 pedes
724 1318 769 1362 in
792 1316 989 1362 membro
1012 1325 1203 1361 extremo
1217 1332 1326 1377 quos
1347 1316 1392 1360 in
1413 1316 1654 1376 primome-

269 1391 469 1445 tiremur,
490 1399 533 1435 et
551 1390 670 1450 prius
684 1389 931 1434 membrum
946 1388 1089 1449 potius
1107 1388 1305 1432 finiretur
1326 1397 1428 1432 nota
1446 1386 1653 1433 brevioris

269 1461 497 1522 temporis,
523 1460 568 1504 id
596 1470 660 1505 est
681 1459 899 1520 semipede
915 1494 926 1515 ,
953 1475 1083 1520 quam
1108 1458 1341 1519 posterius,
1366 1458 1437 1503 cui
1452 1459 1536 1503 hoc
1558 1457 1653 1503 finis

263 1534 360 1594 jure
383 1532 584 1577 debetur.
598 1535 709 1577 Nam
722 1531 767 1575 iu
782 1530 856 1576 illo
875 1540 959 1575 tres
978 1530 1157 1575 trochaei
1174 1530 1300 1575 semis
1312 1565 1322 1585 ,
1338 1530 1497 1574 Roma
1514 1544 1655 1574 cerne

270 1612 455 1663 quanta
489 1603 575 1648 sit:
620 1603 666 1646 in
697 1602 781 1646 hoc
814 1609 1002 1662 quatuor
1030 1600 1163 1644 iambi
1191 1600 1529 1656 scanderentur,
1572 1598 1660 1644 tibi

269 1673 427 1719 Derim
459 1672 743 1736 bem'gm'tas.
779 1674 907 1718 Nunc
936 1687 1039 1717 vero
1070 1680 1113 1716 et
1147 1672 1361 1717 trochaeos
1391 1671 1437 1716 in
1467 1680 1656 1732 utroque

270 1746 467 1790 membro
489 1743 758 1800 scandimus,
779 1753 822 1788 et
845 1742 1063 1804 semipede
1084 1758 1231 1788 versus
1246 1742 1485 1798 clauditur,
1502 1751 1552 1787 ut
1564 1757 1658 1803 spa-

269 1818 316 1862 tii
340 1816 547 1862 brevioris
575 1825 724 1860 notam
751 1815 961 1860 terminus
987 1823 1146 1859 teneat.
1175 1817 1285 1860 Nam
1312 1823 1414 1859 sunt
1446 1815 1491 1858 in
1512 1814 1656 1874 priore

269 1898 479 1950 quatuor,
505 1888 666 1933 Roma
678 1923 692 1944 ,
726 1888 884 1932 Roma
913 1902 1053 1931 cerne
1089 1895 1305 1946 quanta:
1330 1886 1375 1930 in
1417 1885 1655 1946 posteriore

269 1969 416 2004 autem
432 1968 515 2003 tres
536 1959 682 2012 semis,
709 1958 768 2001 sit
789 1956 948 2001 Dezt'm
968 1955 1259 2019 bem'gm'tas:
1286 1973 1341 2001 an
1359 1956 1656 2002 contradicere

269 2031 435 2092 aliquid
456 2032 606 2091 paras?
628 2033 679 2073 D.
705 2028 822 2073 Nihil
845 2029 1023 2073 omnino
1037 2064 1048 2084 ,
1069 2039 1113 2073 et
1136 2028 1324 2074 libenter
1341 2029 1563 2073 assentior.

327 2104 450 2146 vul.
493 2103 553 2146 M.
593 2103 829 2144 Teneamus
862 2100 994 2159 igitur
1033 2093 1258 2159 has‘leges
1292 2100 1595 2154 inconcussas,
1622 2098 1656 2143 si

268 2173 438 2232 placet,
466 2181 516 2216 ut
537 2187 680 2232 neque
701 2170 1001 2215 membrorum
1023 2169 1214 2215 duorum
1230 2169 1413 2214 tendens
1435 2169 1491 2214 ad
1504 2185 1654 2230 requa-

267 2243 436 2287 litatem
468 2241 644 2302 partitio
672 2241 815 2286 versui
836 2239 972 2296 desit,
999 2240 1125 2285 sicuti
1148 2241 1249 2285 huic
1284 2239 1431 2296 deest,
1456 2240 1653 2285 Cornua

268 2312 538 2357 velatarum
559 2310 846 2357 obvertimus
864 2321 1206 2356 anlennarum.
1229 2313 1380 2371 Neque
1396 2311 1441 2371 ip
1460 2327 1483 2355 a
1505 2327 1653 2372 aequa-

264 2383 360 2428 litas
378 2383 675 2427 membrorum
687 2381 1019 2426 conversibilem
1036 2417 1046 2438 ,
1067 2391 1115 2426 ut
1133 2382 1191 2426 ita
1208 2381 1349 2426 dicam
1367 2417 1377 2437 ,
1402 2380 1534 2426 faciat
1548 2397 1651 2440 par-

267 2453 483 2507 titionem,
504 2462 553 2496 ut
579 2454 621 2496 in
656 2453 738 2497 hoe
761 2452 884 2508 facit,
917 2452 1112 2496 Comma
1131 2449 1404 2496 velatarum
1425 2452 1651 2496 vertimus

263 2532 600 2568 cstetemzarum,
629 2525 778 2584 Neque
793 2538 894 2567 cum
917 2522 995 2568 ista
1022 2523 1181 2567 vitatur
1204 2522 1452 2579 conversio,
1473 2522 1600 2566 nimis
1625 2536 1648 2566 a
