1852 3163
254 151 337 187 210
679 163 712 186 5.
750 161 979 189 ,1101511111
1014 164 1192 191 0111500111

250 283 351 299 Ἆὶνὶὶ
357 282 565 298 ΊΛΛᾹΛΜΝῈΎΙΛ
571 282 924 300 ἋΝΝἋΜΙΙΙΙᾺΝἋΛΚΝΛᾹ
930 284 996 300 “M
1002 285 1141 301 WUWRMA
1148 286 1213 301 ᾺΜ
1219 285 1426 302 ἋΝΙᾸᾹΛᾹᾹᾸΜ
1432 288 1568 304 ΠΑΛΑἏΛΑ
1574 288 1644 303 m

732 395 950 445 CAPUT
997 398 1155 446 XVH.

243 513 447 563 Arduas
479 518 765 575 quoestc'ones
795 533 856 562 ne
888 518 1136 582 attingant
1165 535 1261 566 non
1294 521 1516 567 instructi
1553 519 1643 566 dis-

836 588 1041 650 eiplc'lzz's.

304 720 439 764 XLV.
475 721 601 774 Qcon
623 735 727 765 vero
743 735 795 764 ex
816 718 900 764 illis
913 719 1032 764 adid
1044 720 1166 781 quod
1183 721 1421 782 quaerimus
1435 737 1543 782 opus
1561 731 1640 779 est,

243 806 299 835 ne
322 800 364 835 te
387 806 558 852 quaeso,
584 801 749 849 mater,
774 793 871 837 haec
887 791 1010 837 velut
1038 808 1185 836 rerum
1207 794 1417 838 immensa
1439 794 1644 855 quaedam

243 862 365 921 sylva
394 862 624 907 deterreat.
660 864 837 908 Etenim
875 863 1078 925 quaedam
1111 865 1165 908 de
1197 865 1400 909 omnibus
1427 865 1644 924 eligentur

242 951 427 980 numero
459 935 745 995 paucissima,
783 936 826 980 11
856 936 1155 996 potentissima
1173 973 1183 992 ,
1221 937 1469 996 cognitione
1497 946 1645 982 autem

243 1006 392 1051 multis
405 1006 586 1067 quidem
602 1006 760 1052 ardua:
781 1008 859 1052 tibi
873 1017 1019 1052 tamen
1031 1044 1041 1064 ,
1062 1009 1185 1069 cujus
1205 1008 1432 1067 ingenium
1446 1007 1645 1070 quotidie

241 1078 347 1122 mihi
371 1094 535 1123 novum
567 1088 652 1135 est,
678 1088 720 1124 et
743 1080 868 1140 cujus
902 1080 1095 1124 :inimum
1119 1078 1189 1125 vel
1212 1088 1340 1124 aetate
1361 1079 1430 1125 vel
1454 1079 1644 1134 adrnira-

241 1148 321 1193 bili
353 1151 637 1210 temperantia
669 1151 1007 1195 remotissimum
1039 1151 1095 1196 ab
1119 1151 1323 1195 omnibus
1352 1151 1480 1211 nugis
1503 1187 1514 1207 ,
1550 1161 1592 1196 01
1621 1168 1645 1196 a

242 1235 400 1280 magna
422 1220 522 1265 labe
535 1222 728 1282 corporis
745 1232 1039 1281 emergentem
1052 1259 1062 1278 ,
1081 1222 1126 1266 in
1143 1239 1187 1266 se
1202 1221 1394 1267 multum
1410 1222 1645 1267 surrexisse

243 1309 459 1352 cognosco
476 1330 486 1347 ,
511 1304 601 1339 tam
617 1304 747 1339 erunt
770 1293 912 1339 facilia
928 1311 1061 1356 quam
1081 1294 1273 1339 difficilia
1295 1294 1546 1340 tardissimis
1568 1295 1647 1340 mi,-

243 1365 511 1427 serrimeque.
535 1366 799 1411 viventibus.
831 1366 873 1411 Si
905 1366 1022 1410 enim
1052 1365 1196 1411 dicam
1227 1375 1266 1411 te
1299 1365 1426 1411 facile
1465 1366 1521 1410 ad
1543 1382 1644 1411 011111

243 1452 487 1483 sermonem
524 1446 858 1497 perventuram,
879 1437 956 1498 qui
989 1436 1223 1482 locutionis
1257 1447 1300 1482 et
1335 1437 1499 1497 linguae
1539 1438 1645 1483 vitio

242 1520 409 1566 careat,
434 1509 632 1570 profecto
650 1511 850 1554 mentiar.
872 1513 944 1554 Me
967 1510 1083 1554 enim
1106 1509 1249 1570 ipsum
1265 1546 1275 1566 ,
1301 1510 1373 1554 cui
1390 1525 1547 1569 magna
1565 1526 1642 1554 ne-

242 1581 412 1625 cessitas
425 1579 510 1625 fuit
525 1581 605 1625 ista
617 1580 883 1641 perdiscere,
901 1579 1045 1625 adhuc
1058 1581 1104 1624 in
1115 1580 1264 1625 multis
1278 1581 1514 1626 verborum
1531 1582 1646 1626 sonis

246 1653 344 1698 Itali
365 1653 611 1713 exagitant,
637 1663 679 1697 01
709 1669 732 1697 a
766 1668 836 1697 me
856 1653 1042 1698 vicissim
1057 1689 1068 1708 ,
1090 1652 1211 1714 quod
1233 1652 1288 1698 ad
1322 1653 1466 1713 ipsum
1488 1669 1646 1698 sonum

245 1725 423 1780 attinet,
448 1723 848 1785 reprehenduntur.
871 1723 1006 1769 Aliud
1037 1733 1101 1768 est
1129 1724 1245 1768 enim
1268 1740 1358 1768 esse
1385 1734 1475 1769 arte
1491 1760 1502 1780 ,
1528 1724 1647 1769 aliud

247 1805 374 1855 gente
392 1811 609 1840 securum.
639 1794 912 1840 Soloecismos
931 1805 1077 1839 autem
1100 1811 1210 1856 quos
1230 1795 1438 1852 dicimus,
1466 1795 1647 1840 fortasse

248 1867 436 1928 quisque
459 1866 614 1911 doctus
647 1865 880 1925 diligenter
903 1866 1131 1909 attendens
1160 1866 1206 1909 111
1228 1865 1423 1910 oratione
1451 1881 1547 1911 mea
1575 1882 1645 1910 re-

246 1938 408 1999 periet:
422 1954 513 1983 non
533 1938 649 1981 enim
672 1936 814 1981 defuit
830 1937 906 1998 qui
924 1937 1031 1981 mihi
1047 1935 1261 1981 nonnulla
1274 1936 1525 1997 hujusmodi
1543 1936 1647 1981 vitia

247 2009 393 2070 ipsum
415 2009 672 2055 Ciceronem
694 2007 847 2052 fecisse
860 2007 1117 2068 peritissime
1130 2007 1406 2068 persuaserit.
1427 2007 1650 2052 Barbaris-

249 2097 424 2128 morum
445 2090 592 2126 autem
616 2095 752 2140 genus
781 2081 938 2125 nostris
960 2080 1230 2140 temporibus
1258 2078 1344 2124 tale
1370 2089 1646 2139 compertum

249 2163 334 2210 est,
358 2162 410 2198 ut
442 2162 485 2196 01
519 2152 608 2211 ipsa
631 2152 721 2211 ejus
752 2151 890 2196 oratio
925 2150 1110 2195 barbara
1143 2149 1365 2206 videatur,
1392 2166 1479 2211 qua
1506 2153 1646 2195 Roma

247 2233 415 2270 servata
439 2231 517 2267 est.
547 2220 630 2266 Sed
658 2231 705 2265 tu
729 2222 990 2281 contemptis
1016 2221 1104 2266 istis
1128 2220 1199 2265 vel
1225 2220 1466 2280 puerilibus
1489 2221 1642 2277 rebus,

245 2295 316 2341 vel
329 2295 384 2340 ad
405 2305 444 2339 te
466 2310 556 2339 non
578 2293 914 2353 pertinentibus,
937 2293 995 2336 ita
1016 2293 1304 2352 grammaticae
1319 2308 1430 2352 pene
1453 2291 1646 2337 divinam

248 2368 338 2413 vim
379 2375 670 2425 naturamque
700 2364 946 2423 cognoscis,
978 2372 1029 2408 111
1068 2364 1161 2424 ejus
1193 2363 1385 2407 animam
1427 2362 1640 2419 1011111550,

247 2453 407 2499 corpus
434 2437 656 2498 reliquisse
686 2434 858 2480 (11501115
880 2433 1081 2479 videaris.

307 2510 467 2555 XLVI.
504 2511 597 2554 Hoc
620 2507 750 2552 etiam
773 2504 828 2551 de
851 2505 1015 2551 caeteris
1046 2504 1298 2564 hujusmodi
1320 2504 1485 2550 artibus
1516 2503 1640 2549 dixe-
