1888 3168
651 194 704 220 DE
737 191 891 220 MLSICA
925 193 1007 219 Lux.
1046 193 1111 219 ιιι.
1492 182 1575 221 397

176 262 266 320 jam
288 273 412 320 posse
438 268 536 305 octo
558 258 790 319 longarum
822 257 1091 317 syllabarum
1108 257 1293 318 pedem?
1314 260 1442 304 Certe
1462 261 1579 304 enim

182 331 238 376 ad
260 348 392 393 quem
415 347 649 376 numerum
666 331 937 390 syllabarum
953 330 1151 390 pervenit
1169 346 1243 390 pes
1256 366 1266 386 ,
1283 346 1373 375 non
1386 331 1503 376 solus
1525 331 1581 375 ad

183 422 283 451 eum
305 406 505 467 pervenit
521 406 598 466 qui
632 405 861 461 brevibus,
884 404 960 449 sed
981 403 1112 448 etiam
1134 403 1211 463 qui
1240 402 1381 462 longis
1403 403 1582 461 syllabis

182 487 367 523 constat.
394 480 493 531 Quo
514 477 566 522 fit
581 486 633 522 ut
655 476 851 522 adhibita
875 491 1022 521 rursus
1045 491 1094 520 ea
1117 473 1212 533 lege
1228 510 1238 530 ,
1260 490 1359 535 quae
1382 475 1583 534 abrogari

182 564 273 594 non
296 556 464 609 potest,
481 564 568 609 qua
590 546 698 592 duas
717 548 870 593 breves
893 563 971 608 pro
994 562 1083 591 una
1103 544 1236 604 longa
1257 544 1363 605 poni
1385 544 1510 601 licet,
1528 544 1583 590 ad

182 619 371 664 sedecim
392 618 582 678 syllabas
604 619 931 680 pertendamus.
961 618 1045 664 Ubi
1071 617 1105 662 si
1126 633 1275 663 rursus
1296 617 1418 677 pedis
1438 617 1582 661 incre-

182 700 383 736 mentum
404 700 594 737 statuere
610 691 817 748 voluerisj
840 692 886 736 in
902 691 1080 751 triginta
1099 689 1206 734 duas
1220 689 1370 734 breves
1387 688 1585 749 proficis-

182 762 323 807 cimur
341 782 349 807 :
366 763 454 808 huc
467 779 647 825 quoque
658 763 767 808 ratio
781 773 857 808 tua
868 761 1027 823 pedem
1041 770 1084 807 te
1108 759 1333 822 compellit
1345 759 1579 816 adducere,

182 843 226 878 et
262 849 410 879 rursus
431 833 500 878 lex
538 833 612 879 illa
634 834 821 895 duplum
842 849 1075 879 numerum
1102 833 1304 879 brevium
1325 848 1405 893 pro
1442 830 1583 890 longis

178 904 323 950 locare
342 924 350 951 z
372 914 504 967 atque
525 905 585 950 ita
607 905 754 951 nullus
768 906 1060 951 constituetur
1082 904 1256 950 modus.
1283 907 1335 949 Ι).
1362 906 1386 948 J
1390 919 1460 948 am
1475 902 1585 947 cedo

184 977 362 1034 rationi,
382 993 468 1039 qua
492 993 630 1039 usque
645 977 702 1023 ad
714 977 1045 1039 quaternarium
1062 975 1333 1035 syllabarum
1351 990 1584 1020 numerum

182 1065 490 1110 promovemus
508 1049 681 1110 pedem.
704 1053 789 1095 Pro
806 1049 872 1094 his
895 1059 1042 1094 autem
1062 1047 1266 1107 legitimis
1280 1046 1466 1108 pedibus
1481 1046 1586 1107 poni

183 1131 385 1182 oportere
417 1121 550 1182 pedes
593 1121 788 1182 plurium
821 1121 1090 1180 syllabarum
1103 1156 1113 1175 ,
1150 1119 1258 1165 dum
1300 1120 1453 1165 breves
1488 1118 1588 1164 duae

184 1193 313 1239 unius
335 1193 480 1254 longae
493 1193 640 1239 locum
656 1199 898 1254 occupant,
915 1209 1006 1238 non
1024 1207 1191 1238 recuso.

184 1365 717 1385 WQMNWWMWMNQrm*me
722 1365 934 1383 mmm
939 1364 1224 1382 mvwwwwwvw
1229 1365 1298 1381 ἋΛΝ
1302 1364 1443 1380 Νυνὶ-Μ
1447 1361 1588 1380 ινννὶω

705 1499 923 1551 CAPUT
973 1500 1063 1551 vl.

184 1633 347 1681 Pedes
372 1644 581 1693 qzcatuor
600 1631 804 1695 syllabis
828 1632 1069 1697 longiores
1095 1632 1372 1695 rlzytlzmmn
1393 1649 1479 1678 suo
1502 1649 1590 1678 no-

570 1706 698 1751 mine
716 1705 900 1768 faeere
943 1714 1198 1762 nequeunt.

242 1846 367 1889 XIV.
401 1846 463 1889 M.
501 1846 661 1888 FAOELE
691 1851 756 1887 est
787 1857 888 1901 ergo
920 1852 962 1888 te
992 1843 1123 1887 ctiam
1147 1841 1260 1887 illud
1283 1842 1431 1887 videre
1462 1851 1593 1903 atque

186 1915 450 1971 concedere,
478 1914 583 1960 alios
605 1914 738 1976 pedes
771 1931 861 1960 esse
882 1931 963 1975 pro
990 1915 1056 1959 his
1071 1951 1082 1970 ,
1108 1930 1240 1975 penes
1262 1931 1372 1975 quos
1396 1914 1590 1972 rhythmi

186 1996 249 2031 est
263 1987 532 2047 principatus
549 2022 558 2042 ,
577 1985 682 2031 alios
701 1987 894 2047 quicum
910 1986 976 2030 his
992 1985 1280 2031 collocantur.
1302 1988 1412 2031 Nam
1422 1986 1500 2029 ubi
1513 2001 1593 2045 pro

185 2058 328 2118 longis
350 2057 531 2117 singulis
555 2058 836 2117 geminantur
857 2058 1032 2114 breves,
1058 2073 1138 2118 pro
1162 2073 1213 2102 eo
1236 2058 1312 2118 qui
1332 2057 1593 2115 rhythmum

186 2129 380 2185 obtinet,
406 2128 541 2174 alium
557 2128 752 2174 locamus
768 2165 778 2185 ‚
803 2128 926 2173 velut
942 2145 1023 2189 pro
1051 2128 1198 2174 iambo
1216 2128 1286 2174 vel
1309 2128 1501 2173 trochaeo
1522 2128 1595 2172 tri-

186 2201 401 2246 brachum
414 2236 424 2256 ‚
444 2209 521 2246 aut
540 2216 621 2261 pro
644 2199 840 2261 spondeo
861 2199 1087 2258 dactylum
1107 2210 1185 2247 aut
1206 2209 1475 2261 anapaestum
1488 2235 1498 2255 ‚
1517 2208 1593 2244 aut

187 2271 622 2333 proceleumaticum.
643 2271 728 2316 Ubi
746 2287 849 2317 vero
865 2287 955 2317 non
975 2270 1091 2316 idem
1115 2273 1186 2328 fit,
1204 2287 1295 2317 non
1311 2287 1392 2332 pro
1415 2287 1488 2327 eo,
1514 2269 1591 2315 sed

186 2359 287 2388 cum
300 2360 351 2389 eo
365 2344 544 2405 ponitur
566 2344 763 2406 quisquis
785 2343 992 2388 miscetur
1012 2342 1271 2403 inferiorum
1288 2363 1296 2388 :
1311 2351 1474 2388 utcum
1492 2341 1589 2387 dac-

188 2415 282 2473 tylo
311 2425 554 2476 anapaestus
571 2452 582 2473 ,
608 2432 710 2461 cum
740 2416 882 2461 ionico
913 2430 1016 2460 vero
1039 2413 1251 2460 utrolibet
1278 2413 1496 2459 diiambus
1523 2412 1593 2458 vel

189 2485 432 2532 dichorius:
457 2496 501 2531 et
513 2486 669 2548 reliqui
686 2478 884 2532 similiter
902 2502 981 2532 suo
992 2487 1092 2547 jure
1105 2501 1206 2531 cum
1229 2486 1394 2531 caeteris
1414 2505 1422 2530 ε
1443 2501 1499 2530 an
1515 2499 1594 2545 pa-

190 2573 288 2602 rum
312 2557 392 2602 tibi
414 2557 658 2603 dilucidum
680 2557 749 2604 vel
774 2556 934 2604 falsum
957 2557 1157 2603 videtur?
1174 2561 1224 2603 D.
1251 2560 1347 2602 Jam
1376 2555 1588 2615 intelligo.
