1852 3163
249 205 327 244 148
688 217 720 242 s.
759 216 987 244 Ateus'rim
1023 217 1199 244 EP15COP1

242 281 440 329 deretur,
461 281 492 323 si
517 279 682 340 aliquid
707 281 835 324 ctiam
866 281 1062 324 noctium
1096 281 1140 324 in
1175 280 1418 325 studiorum
1441 281 1634 327 laborem

243 360 525 410 usurparent,
552 359 595 394 ct
612 349 657 394 id
677 367 699 394 a
722 366 791 394 me
812 350 893 409 ipsi
911 366 1088 410 quoque
1100 359 1372 411 praeceptum
1386 351 1630 407 habebant,

242 430 291 465 ut
314 419 480 482 aliquid
503 430 546 465 et
567 430 724 480 praeter
749 420 918 465 codices
941 436 1088 465 secum
1110 431 1310 480 agerent,
1336 431 1379 466 et
1401 422 1518 482 apud
1546 438 1636 467 sese

240 491 439 536 habitare
453 491 809 536 consuelacercnt
824 491 1035 535 animum.
1047 493 1180 550 Ergo,
1193 501 1242 536 ut
1255 492 1360 548 dixi,
1376 490 1609 551 vigilabam
1621 528 1632 549 ,

240 579 341 618 cum
369 580 468 608 ecce
498 579 623 623 aquae
645 578 776 607 sonus
798 578 912 623 pone
934 562 1113 607 balneas
1146 579 1245 623 quae
1277 564 1607 624 praeterfluebat
1622 599 1633 620 ,

241 633 390 678 eduxit
412 650 480 678 me
503 633 549 678 in
571 649 716 689 aures,
737 643 781 678 et
808 632 1132 678 animadversus
1161 642 1227 679 est
1254 634 1380 680 solito
1412 636 1632 681 attentius.

242 705 405 750 Mirum
422 704 663 750 admodum
678 705 784 749 mihi
800 704 1046 760 videbatur,
1064 704 1185 766 quod
1199 721 1316 750 nunc
1330 705 1502 763 clarius,
1518 722 1636 752 nunc

240 777 427 836 pressius
445 777 598 821 eadem
615 793 728 838 aqua
742 776 964 836 strepebat
977 776 1168 822 silicibus
1185 776 1369 822 irruens.
1383 777 1511 838 Coepi
1528 794 1551 823 a
1566 793 1637 822 me

242 863 460 908 qucerere,
484 863 688 909 quaenam
711 863 840 892 causa
863 856 997 892 esset:
1020 850 1198 904 Fateor,
1225 848 1334 892 nihil
1353 848 1633 894 occurrebat:

244 934 346 963 cum
370 920 591 965 Licentius
614 919 728 964 lecto
750 935 829 964 suo
861 919 1135 979 importunos
1157 934 1362 979 percusso
1379 919 1502 980 juxta
1517 918 1638 979 ligno

245 991 406 1036 sorices
425 992 598 1047 terruit,
610 1007 790 1052 seseque
803 989 1058 1050 vigilantem
1068 991 1152 1036 hoc
1167 989 1300 1036 modo
1318 989 1541 1036 indicavit.
1557 989 1641 1036 Cui

248 1076 355 1121 ego:
389 1062 766 1117 Animadvertisti,
798 1062 1006 1122 inquam,
1040 1060 1353 1117 Licenti(nam
1385 1061 1514 1106 video
1557 1060 1639 1105 tibi

246 1137 419 1177 Musam
453 1143 573 1178 tuam
609 1133 761 1177 lumen
789 1133 843 1176 ad
866 1132 1193 1176 lucubrandum
1226 1131 1506 1190 accendisse)
1525 1149 1638 1193 quo-

244 1205 377 1249 modo
395 1203 556 1249 canalis
580 1204 659 1248 iste
687 1202 985 1249 inconstanter
1007 1204 1164 1247 sonet?
1187 1205 1283 1247 Jam
1301 1237 1312 1258 ,
1338 1203 1506 1264 inquit,
1529 1203 1639 1247 mihi

246 1275 329 1320 1100
352 1292 442 1320 11011
463 1285 526 1320 est
548 1290 712 1320 novum
728 1277 759 1319 ¹.
785 1277 897 1320 Nam
931 1273 1146 1318 desiderio
1179 1273 1419 1319 serenitatis
1442 1289 1543 1319 cum
1564 1290 1639 1318 ex-

244 1346 518 1407 pergefactus
550 1345 787 1406 aliquando
817 1360 967 1389 aurem
991 1344 1277 1390 admovissem
1292 1381 1303 1401 ,
1329 1361 1384 1390 ne
1406 1345 1547 1389 imber
1568 1345 1639 1390 in-

245 1427 447 1477 grueret,
479 1418 563 1462 hoc
593 1416 751 1475 agebat
788 1432 901 1476 aqua
931 1415 1010 1459 ista
1041 1415 1163 1475 quod
1191 1431 1324 1460 nunc.
1366 1415 1640 1475 Approhavit

247 1489 493 1547 Trygetius.
512 1490 623 1532 Nam
637 1487 782 1546 etipse
802 1486 846 1529 in
859 1485 1014 1530 eodem
1027 1484 1222 1530 conclavi
1240 1483 1355 1530 lecto
1377 1501 1455 1530 suo
1472 1485 1639 1531 cubans

244 1559 454 1619 vigilabat
475 1559 601 1604 nobis
623 1558 916 1604 nescientibus
936 1577 945 1604 :
971 1567 1095 1602 erant
1123 1557 1238 1602 enim
1271 1557 1465 1602 tenebrae
1485 1578 1496 1617 3
1519 1557 1640 1620 quod

245 1632 291 1676 in
314 1630 437 1675 Italia
454 1630 584 1674 ctiam
605 1628 848 1690 pecuniosis
870 1643 1006 1688 prope
1033 1643 1206 1672 necesse
1229 1637 1308 1673 est.

305 1705 407 1747 VII.
443 1705 560 1762 Ergo
584 1701 659 1745 ubi
697 1700 787 1745 vidi
822 1698 1016 1744 scholam
1052 1708 1245 1744 nostram
1284 1707 1641 1761 quantacumque

247 1773 417 1829 aderat,
436 1789 538 1817 nam
551 1781 593 1817 et
610 1771 796 1832 Alypius
814 1780 857 1815 et
871 1770 1076 1829 Navigius
1090 1771 1135 1814 in
1153 1771 1309 1815 urbem
1326 1771 1487 1828 ierant,
1509 1771 1639 1815 etiam

245 1845 329 1890 illis
352 1845 468 1889 horis
485 1860 574 1888 non
600 1843 806 1903 sopitam,
832 1849 876 1886 et
896 1857 966 1886 me
983 1856 1132 1887 cursus
1149 1841 1222 1886 ille
1240 1858 1452 1903 aquarum
1475 1841 1640 1903 aliquid

247 1917 301 1962 de
324 1933 366 1961 se
380 1915 522 1960 dicere
540 1914 824 1959 admonebat:
846 1911 1067 1967 Quidnam
1078 1912 1202 1957 vobis
1214 1948 1225 1968 ,
1245 1913 1424 1973 inquam
1437 1948 1447 1968 ,
1465 1912 1641 1958 videtur

247 2004 336 2033 esse
356 2004 494 2033 causae
520 1985 641 2047 quod
668 1984 727 2030 sic
745 1983 931 2029 alternat
951 1983 1023 2028 hic
1043 1986 1205 2029 sonus?
1226 1986 1325 2030 Non
1344 1983 1461 2028 enim
1482 1998 1615 2044 quem
1629 2010 1640 2018 ·

247 2075 379 2122 quam
392 2068 599 2119 putamus
613 2056 678 2101 his
697 2056 814 2101 horis
830 2055 900 2100 vel
925 2055 1130 2110 transitu,
1147 2054 1217 2099 vel
1230 2069 1275 2098 re
1289 2053 1436 2114 aliqua
1451 2053 1639 2098 lavanda

247 2131 372 2176 toties
396 2129 521 2174 illum
539 2137 733 2173 meatum
754 2126 1045 2186 interpellare.
1084 2124 1203 2178 Quid
1223 2133 1349 2184 putas
1363 2159 1373 2179 ,
1394 2124 1541 2184 inquit
1563 2124 1640 2169 Li-

247 2202 437 2257 centius,
458 2201 542 2246 nisi
563 2198 724 2244 alicubi
742 2198 845 2242 folia
867 2194 1163 2258 cujuscemodi
1185 2210 1285 2255 quae
1307 2203 1520 2239 autumno
1538 2211 1639 2255 per-

247 2283 381 2335 petuo
408 2273 669 2332 copioseque
703 2268 934 2323 decidunt,
965 2266 1173 2326 angustiis
1210 2264 1369 2310 canalis
1407 2266 1640 2310 intertrusa

249 2346 389 2391 evinci
421 2342 657 2406 aliquando
695 2351 826 2402 atque
857 2339 1037 2385 cedere:
1072 2338 1149 2382 ubi
1180 2346 1327 2382 autem
1360 2337 1479 2381 unda
1497 2372 1508 2392 ,
1539 2352 1640 2397 quae

254 2417 442 2477 urgebat
476 2413 799 2476 pertransierit,
826 2427 994 2456 rursum
1034 2409 1179 2468 colligi
1201 2418 1333 2470 atquc
1359 2407 1536 2468 stipari:
1562 2416 1639 2451 aut

250 2489 418 2550 aliquid
455 2487 571 2532 aliud
595 2487 712 2532 vario
736 2501 838 2530 casu
860 2483 1065 2529 foliorum
1083 2480 1326 2525 natantium
1370 2479 1483 2534 fieri,
1504 2477 1629 2538 quod

299 2583 306 2601 ¹
330 2588 341 2609 1
360 2579 502 2608 110111101-
517 2586 589 2617 cap.
611 2585 657 2606 111.
679 2584 710 2605 11.
729 2582 761 2604 2.
