1852 3163
583 225 709 251 ana
741 224 795 250 DE
828 223 961 249 BEATA
997 223 1112 250 vim.
1448 210 1530 248 135

132 298 252 337 veste
274 291 358 336 hoc
381 299 445 334 est
480 304 570 333 esse
588 288 775 333 nudum.
806 291 905 333 Non
923 287 1040 331 enim
1062 296 1179 331 veste
1197 286 1430 331 accedente
1451 301 1531 332 ve—

133 364 216 408 luti
243 361 389 423 aliqua
404 377 469 405 res
490 360 664 406 mobilis
677 359 852 405 nuditas
873 358 1003 419 fugit.
1029 359 1098 404 Sic
1121 373 1224 416 ergo
1247 358 1431 403 dicimus
1449 358 1535 403 ali-

134 450 268 496 quem
289 433 449 478 habere
470 441 723 491 egestatem,
741 431 866 493 quasi
878 430 1072 476 dicamus
1090 430 1252 474 habere
1269 428 1532 474 nuditatem.

136 509 312 565 Egestas
338 504 456 548 enim
491 503 680 548 verbum
713 513 778 548 est
798 519 889 548 non
917 501 1128 547 habendi.
1154 499 1455 556 Quamobrem
1486 511 1539 547 ut

134 575 256 639 quod
287 574 417 631 volo,
455 574 671 634 explicem
703 574 817 620 sicut
853 588 1053 635 possum,
1084 573 1145 618 ita
1177 571 1366 628 dicitur,
1401 571 1539 616 habet

137 657 373 708 egestatem
401 667 410 692 ε
446 646 571 708 quasi
599 645 799 703 dicatur,
836 647 972 691 habet
999 662 1092 691 non
1122 645 1300 690 habere.
1328 647 1483 705 Itaque
1504 643 1541 689 si

136 720 368 766 stultitiam
388 719 527 779 ipsam
540 734 689 764 veram
710 727 754 763 et
771 727 936 764 certam
952 727 1189 780 egestatem
1209 732 1302 762 esse
1322 726 1542 762 monstra·-

137 801 235 836 tum
271 800 336 836 est
365 810 374 835 :
415 789 517 835 vide
553 790 645 850 jam
685 790 974 851 quaestionem
1013 805 1149 853 quam
1185 803 1539 849 susceperamus,

138 872 292 908 utrum
313 861 457 908 soluta
477 862 546 907 sit.
573 861 870 908 Dubitabatur
886 863 1004 907 enim
1019 862 1135 907 inter
1145 877 1246 918 neS,
1266 870 1418 906 utrum
1439 875 1544 906 eum

138 933 460 995 appellaremus
486 933 726 991 miseriam,
752 934 866 979 nihil
901 933 1023 979 aliud
1049 950 1184 996 quam
1201 941 1438 992 egestatem
1459 947 1546 978 no-

138 1008 420 1052 minaremus.
464 1006 676 1052 Dedimus
712 1017 862 1052 autem
889 1007 1134 1064 rationem,
1168 1016 1286 1052 recte
1314 1005 1546 1051 stultitiam

135 1074 285 1126 vocari
313 1087 564 1137 egestatem.
610 1079 732 1124 Sicut
769 1094 872 1137 ergo
895 1088 939 1123 et
961 1079 1104 1124 omnis
1133 1078 1295 1124 stultus
1318 1078 1449 1124 miser
1464 1114 1475 1134 ,
1500 1086 1546 1122 et

136 1152 278 1197 omnis
299 1151 430 1195 miser
446 1149 606 1196 stultus
622 1160 713 1210 est,
733 1152 792 1196 ita
812 1167 986 1196 neeesse
1003 1161 1068 1196 est
1088 1167 1179 1196 non
1201 1150 1344 1196 solum
1366 1165 1545 1197 omnem

137 1224 214 1285 qui
237 1232 361 1283 egeat
381 1223 591 1267 miserum
604 1259 615 1279 ,
642 1223 719 1268 sed
741 1224 872 1269 etiam
894 1240 1070 1269 omnem
1091 1224 1170 1286 qui
1186 1224 1316 1268 miser
1332 1224 1387 1269 sit
1408 1240 1545 1284 egen-

137 1307 228 1343 tem
250 1312 342 1342 esse
367 1295 598 1341 fateamur.
625 1300 684 1342 At
710 1297 745 1342 si
764 1314 815 1341 ex
837 1313 888 1342 eo
911 1297 1035 1358 quod
1052 1307 1096 1342 et
1113 1297 1253 1343 omnis
1275 1296 1434 1342 stultus
1457 1298 1544 1343 mi·-

136 1385 205 1415 ser
227 1379 292 1415 est
308 1406 319 1426 ,
354 1379 399 1414 et
421 1370 561 1414 omnis
583 1369 714 1414 miser
744 1368 904 1414 stultus
931 1379 1021 1426 est,
1050 1370 1283 1415 conficitur
1310 1370 1544 1418 stultitiam

137 1458 228 1487 esse
253 1442 472 1486 miseriam
490 1464 502 1501 3
536 1458 615 1487 cur
636 1459 728 1488 non
746 1458 799 1487 ex
829 1458 881 1487 eo
904 1442 1026 1504 quod⁴
1047 1452 1091 1488 et
1117 1443 1316 1504 quisquis
1337 1453 1437 1504 eget
1458 1443 1544 1488 mi-

138 1529 230 1570 ser,
266 1524 310 1558 et
345 1513 542 1575 quisquis
575 1515 705 1559 miser
733 1523 797 1559 est
829 1523 978 1574 egeat,
1011 1514 1126 1561 nihil
1161 1514 1283 1563 aliud
1323 1516 1544 1563 miseriam

138 1602 273 1648 quam
293 1596 532 1647 egestatem
554 1602 646 1632 esse
668 1587 958 1633 conficimus?

407 1818 582 1882 Pergit
612 1816 672 1864 de
703 1816 877 1865 iisdem
907 1816 1265 1865 ratiocinando.

198 1946 342 1990 XXX.
379 1947 506 1999 Quon
529 1960 631 1990 eum
653 1960 804 1989 omnes
825 1944 886 1989 ita
903 1959 994 1989 esse
1016 1945 1282 1991 faterentur:
1300 1944 1421 1991 Illud
1431 1946 1540 2008 jam,

140 2018 344 2078 inquam,
371 2016 595 2077 sequitur,
621 2025 673 2060 ut
692 2014 922 2061 videamus
943 2016 1040 2077 quis
1062 2032 1154 2061 non
1175 2026 1300 2077 egeat
1324 2037 1333 2063 ι
1360 2018 1395 2062 is
1427 2018 1545 2062 enim

139 2089 222 2133 erit
243 2089 411 2149 sapiens
434 2097 478 2132 et
498 2088 666 2132 heatus.
692 2090 872 2147 Egestas
892 2097 1042 2132 autem
1064 2088 1248 2134 stultitia
1267 2099 1353 2146 est,
1374 2099 1543 2149 egesta-

139 2162 282 2221 tisque
304 2175 488 2204 nomen:
513 2159 598 2203 hoe
625 2168 772 2202 autem
792 2161 982 2205 verbum
1004 2160 1276 2206 sterilitatem
1301 2161 1543 2223 quamdam

140 2243 183 2277 et
196 2232 391 2292 inopiam
403 2231 511 2276 solet
524 2231 781 2291 significare.
800 2232 1026 2280 Attendite
1041 2249 1189 2296 quaeso
1203 2234 1333 2280 altius
1345 2271 1355 2291 ,
1372 2245 1541 2296 quanta

141 2321 244 2351 cura
266 2305 510 2365 priscorum
527 2305 759 2349 hominum
772 2341 782 2361 ,
799 2305 888 2349 sive
903 2306 1047 2352 omnia
1059 2343 1070 2364 ,
1089 2307 1177 2353 sive
1195 2307 1316 2369 quod
1337 2307 1542 2354 manifes-

142 2387 238 2422 tum
260 2385 348 2432 est,
374 2375 577 2437 quaedam
597 2376 730 2421 verba
753 2386 895 2421 creata
917 2387 1044 2435 sunt,
1070 2395 1221 2424 earum
1237 2396 1383 2424 rerum
1406 2381 1539 2425 maxi—

142 2464 214 2493 me
236 2462 424 2509 quarum
441 2456 532 2492 erat
553 2448 708 2492 notitia
725 2450 1057 2509 pernecessaria.
1076 2452 1100 2495 J
1105 2467 1174 2495 am
1199 2452 1315 2496 enim
1338 2451 1544 2497 concedi-

145 2519 200 2563 tis
227 2534 405 2564 omnem
423 2516 607 2562 stultum
630 2534 779 2578 egere,
806 2528 849 2563 et
871 2535 1067 2576 omnem,
1092 2522 1166 2582 qui
1184 2532 1309 2582 egeat
1324 2559 1334 2579 ,
1360 2521 1546 2568 stultum

146 2607 263 2645 esse3
286 2591 419 2634 credo
441 2606 516 2635 vos
534 2591 664 2635 etiam
686 2591 927 2637 concedere
946 2593 1141 2639 animum
1163 2594 1345 2639 stultum
1370 2610 1459 2640 esse
1476 2595 1542 2639 vi-
