1883 3194
286 231 340 268 72
737 240 771 268 s.
808 240 1037 269 Acotts'rmt
1070 241 1252 269 emscom

286 385 321 401 ’ὶῖ
324 385 336 400 t
340 384 388 401 WB
392 385 400 400 b
405 383 658 402 Μῑνῑὶὶνῑνῢνῑὶ
661 384 726 402 MS
729 384 943 402 mmmm
947 385 996 401 ῑΑνὶ
999 381 1334 402 Μωδνωὶῒῑὶᾋὶ
1338 384 1401 402 Uist!
1406 382 1677 401 ἉΊΝΚΝἉΜἋἭ

789 519 1010 570 CAPUT
1056 521 1144 570 IV.

818 670 1061 705 DISPUTATIO
1084 671 1125 705 11.

363 789 547 837 Rursus
567 785 705 850 quod
728 791 927 851 sapiens
957 806 1056 837 non
1091 799 1163 837 est
1202 791 1287 851 qui
1315 787 1440 837 nihil
1462 790 1569 837 scit.

330 941 432 985 VII.
458 943 524 986 ET
550 955 654 986 cum
689 941 981 998 redissemus,
1022 941 1270 988 invenimus
1303 942 1569 997 Licentium‚
1600 940 1674 986 cui

265 1028 502 1074 nunquam
522 1013 687 1058 sitienti
709 1013 896 1059 Helicon
923 1014 1222 1071 subvenisset,
1258 1012 1556 1073 excogitandis
1578 1028 1676 1059 ver-

266 1085 390 1131 sibus
418 1085 680 1130 inhiantem.
712 1088 824 1131 Nam
851 1084 907 1130 de
930 1084 1076 1130 medio
1097 1101 1212 1145 pene
1232 1084 1419 1146 prandio
1435 1120 1448 1142 ‚
1472 1084 1674 1146 quamvis

267 1156 408 1204 nostri
429 1156 602 1217 prandii
620 1155 739 1200 idem
755 1156 934 1201 initium
950 1158 1027 1218 qui
1048 1157 1145 1201 finis
1159 1156 1261 1214 fuit,
1279 1155 1393 1203 clam
1410 1164 1669 1212 surrexerat,

268 1227 471 1290 nihilque
493 1227 682 1273 biberat.
710 1228 794 1274 Cui
811 1243 919 1287 ego:
945 1230 1062 1289 Opto
1085 1228 1283 1290 quidem,
1308 1227 1674 1290 inquam‚'tibiut

265 1300 395 1346 istam
408 1300 642 1361 poeticam,
665 1316 800 1361 quam
823 1300 1085 1361 concupisti,
1096 1299 1402 1361 complectaris
1411 1299 1670 1361 aliquando:

268 1388 361 1419 non
375 1371 497 1434 quod
513 1371 728 1417 menimis
745 1370 936 1417 delectet
952 1373 1034 1417 ista
1050 1370 1262 1433 perfectio
1279 1407 1290 1428 ‚
1309 1370 1385 1417 sed
1401 1371 1525 1434 quod
1543 1372 1674 1420 video

266 1453 311 1499 te
324 1453 501 1489 tantum
518 1444 739 1501 exarsisse,
759 1453 811 1488 ut
827 1444 909 1489 nisi
931 1442 1110 1493 fastidio
1131 1443 1316 1491 evadere
1335 1443 1394 1495 ab
1416 1444 1502 1488 hoc
1524 1458 1673 1489 amore

266 1532 359 1562 non
381 1516 542 1577 possis,
568 1515 692 1577 quod
712 1515 886 1561 evenire
915 1525 1016 1577 post
1042 1514 1360 1577 perfectionem
1390 1513 1519 1560 facile
1541 1514 1668 1561 solet.

265 1588 437 1634 Deinde
469 1603 572 1632 cum
592 1588 645 1632 sis
674 1588 789 1633 bene
811 1604 1014 1644 canorus,
1038 1587 1192 1633 malim
1213 1587 1394 1632 auribus
1417 1587 1577 1632 nostris
1597 1587 1672 1635 in-

266 1659 411 1705 culces
429 1669 529 1705 tuos
541 1675 707 1716 versus,
729 1675 864 1720 quam
885 1669 936 1704 ut
948 1659 996 1703 in
1008 1658 1094 1703 illis
1117 1659 1268 1718 graecis
1288 1657 1528 1717 tragoediis,
1547 1672 1671 1703 more

269 1731 543 1777 avicularum
564 1748 673 1793 quas
694 1732 743 1777 in
765 1732 906 1778 caveis
926 1731 1116 1776 inclusas
1143 1730 1344 1777 videmus
1358 1767 1369 1787 ,
1406 1730 1540 1776 verba
1570 1747 1672 1792 quae

267 1819 361 1848 non
384 1801 591 1861 intelligis
619 1812 782 1847 cantes.
809 1802 1040 1847 Admoneo
1065 1811 1212 1847 tamen
1232 1811 1284 1846 ut
1303 1817 1458 1862 pergas
1478 1810 1638 1861 potum
1654 1837 1667 1857 ‚

269 1875 304 1919 si
325 1873 445 1918 voles
463 1909 473 1929 ,
501 1882 545 1917 et
569 1872 625 1917 ad
641 1871 837 1917 scholam
860 1872 1010 1916 redeas
1032 1881 1228 1917 nostram
1246 1907 1257 1928 ‚
1282 1872 1317 1916 si
1336 1881 1484 1917 tamen
1507 1871 1674 1932 aliquid

262 1946 353 2006 jam
369 1943 425 1988 de
447 1953 490 1988 te
514 1944 772 1988 Hortensius
790 1952 834 1988 et
854 1943 1133 2003 philosophia
1154 1952 1364 1999 meretur,
1390 1943 1462 1988 cui
1478 1942 1675 1988 dulcissi-

269 2031 361 2060 mas
374 2014 587 2076 primitias
599 2016 691 2076 jain
710 2023 854 2060 vestro
876 2013 952 2059 illo
974 2030 1174 2059 sermone
1195 2013 1370 2071 libasti,
1386 2014 1464 2075 qui
1479 2023 1523 2058 te
1538 2014 1674 2059 vehe-

268 2087 462 2131 mentius
485 2102 620 2148 quam
641 2086 722 2131 ista
744 2085 916 2146 poetica
944 2085 1201 2131 incenderat
1227 2085 1284 2131 ad
1313 2100 1573 2145 magnarum
1591 2119 1602 2141 ‚
1627 2095 1672 2130 et

268 2174 370 2203 vere
387 2158 714 2203 fructuosarum
736 2173 883 2202 rerum
901 2157 1138 2203 scientiam.
1170 2157 1255 2203 Sed
1285 2157 1392 2202 dum
1414 2156 1472 2201 ad
1489 2157 1672 2201 istarum

269 2228 618 2289 disciplinarum,
634 2228 797 2290 quibus
818 2228 1078 2274 excoluntur
1099 2229 1248 2286 animi,
1276 2229 1444 2274 circum
1466 2242 1670 2273 revocare

269 2315 345 2345 vos
368 2301 516 2361 cupio,
540 2309 690 2345 metuo
713 2316 769 2344 ne
785 2300 910 2346 vobis
932 2299 1213 2360 labyrinthus
1239 2300 1342 2357 fiat,
1374 2309 1419 2344 et
1439 2314 1577 2360 prope
1598 2314 1670 2344 me

269 2372 458 2432 poenitet
475 2372 530 2417 ab
543 2371 620 2417 illo
638 2381 681 2417 te
697 2381 860 2432 mpetu
875 2372 1140 2432 repressisse.
1152 2371 1346 2417 Erubuit
1363 2367 1454 2427 ille,
1469 2371 1668 2416 dicessit-

269 2458 356 2504 que
377 2452 427 2488 ut
449 2443 636 2488 biberet.
666 2446 777 2489 Nam
800 2452 844 2487 et
871 2444 1062 2488 multum
1085 2443 1281 2498 sitiebat,
1313 2451 1357 2487 et
1393 2443 1564 2488 occasio
1585 2442 1668 2486 da-

270 2515 402 2559 batur
434 2514 624 2560 evitandi
651 2530 737 2572 me,
763 2513 890 2576 plura
924 2515 1106 2562 fortasse
1139 2524 1272 2576 atque
1311 2514 1526 2576 asperiora
1570 2513 1665 2558 dic·

272 2595 438 2631 turum.
