1888 3168
313 210 397 250 540
756 218 789 248 S.
827 218 1056 250 Ancusnm
1087 221 1269 250 Episcom

308 288 576 345 cmrmcravi,
597 296 710 332 recto
731 287 964 349 loquicum
986 289 1062 350 qui
1080 289 1139 333 sic
1161 289 1396 348 interroget
1414 305 1423 332 ε
1448 288 1592 348 quod,
1612 290 1693 333 nisi

309 359 487 403 nomina
514 367 655 402 essent
675 394 684 414 ,
703 359 794 403 fieri
809 375 896 404 non
914 360 1086 419 posset?
1108 361 1199 403 Hac
1217 373 1317 418 ergo
1332 359 1497 403 ratione
1510 358 1693 403 Paulum

305 427 550 490 apostolum
578 438 692 473 recte
715 427 911 474 locutum
933 444 1043 485 esse,
1070 445 1171 475 cum
1194 430 1366 475 remotis
1390 430 1589 474 omnium
1609 428 1696 474 elo-

305 501 533 561 quentium
551 501 882 545 auctoritatibus
900 499 1099 545 obtinere
1121 500 1332 560 possimus
1350 535 1360 555 ‚
1381 499 1490 561 quid
1506 515 1615 560 opus
1630 508 1694 546 est

307 586 503 631 quaerere
525 572 647 631 cujus
669 587 851 631 persona
873 571 1086 615 sententia
1104 580 1250 616 nostra
1272 569 1506 615 fulciatur?

366 643 486 685 XVI.
513 640 598 685 Sed
619 657 674 685 ne
693 642 787 702 quis
811 640 973 685 tardior
995 650 1071 685 aut
1091 640 1386 701 impudentior
1407 639 1607 686 nondum
1627 655 1694 686 00-

306 712 402 766 dat,
429 721 700 773 asseratque,
738 712 817 755 nisi
854 711 937 756 illis
967 712 1239 767 auctoribus,
1276 713 1437 773 quibus
1461 711 1697 761 verborum

305 783 422 843 leges
444 799 657 828 consensu
681 783 878 828 omnium
899 783 1173 838 tribuuntur,
1198 781 1322 828 nullo
1346 782 1479 828 modo
1500 797 1589 827 esse
1605 797 1699 826 ees-

307 870 488 913 surum,
512 854 620 914 quid
640 854 686 898 in
706 852 841 898 latina
862 853 1012 914 lingua
1035 852 1318 898 excellentius
1340 854 1550 899 Cicerone
1570 853 1696 897 inve-

305 927 387 970 niri
409 927 581 986 potest?
603 928 661 969 At
694 924 765 970 hic
783 925 829 968 in
851 925 936 969 suis
965 924 1242 970 nobilissimis
1276 925 1563 980 orationibus,
1589 939 1698 985 quas

305 996 508 1040 Verrinas
534 1004 720 1052 vocant,
753 1009 924 1051 coram,
958 995 1339 1056 praepositionem,
1374 995 1461 1039 sive
1493 993 1568 1038 illo
1601 993 1700 1039 loco

306 1067 564 1112 adverbium
587 1068 640 1112 sit
658 1103 668 1122 ,
695 1083 856 1112 nomen
874 1066 1124 1128 appellavit.
1151 1070 1465 1112 Verumtamen
1483 1065 1586 1126 quia
1607 1064 1702 1109 fieri

304 1148 472 1199 potest,
493 1148 543 1184 ut
565 1154 644 1197 ego
657 1138 783 1183 illum
800 1138 949 1184 locum
971 1139 1114 1184 minus
1136 1139 1250 1183 bene
1272 1137 1538 1197 intelligam,
1566 1151 1702 1196 expo-

307 1219 527 1271 naturque
549 1210 651 1255 alias
675 1209 823 1266 aliter,
854 1210 924 1255 vel
956 1226 980 1254 a
1002 1225 1071 1254 me
1091 1209 1163 1254 vel
1185 1209 1240 1254 ab
1266 1208 1378 1266 alio3
1411 1217 1475 1252 est
1503 1206 1559 1251 ad
1581 1205 1702 1267 quod

310 1280 563 1342 responderi
599 1297 723 1341 posse
757 1280 868 1326 nihil
895 1289 1021 1341 puto.
1063 1280 1262 1325 Tradunt
1297 1279 1414 1324 enim
1449 1277 1704 1322 nobilissimi

311 1351 658 1412 disputationum
671 1352 881 1410 magistri,
901 1352 1078 1396 nomine
1093 1359 1137 1395 et
1158 1350 1292 1395 verbo
1309 1348 1484 1409 plenam
1507 1356 1704 1392 constare

305 1422 586 1476 sententiam,
611 1437 711 1481 quae
735 1422 941 1465 affirmari
974 1421 1209 1481 negarique
1226 1419 1362 1480 possit
1387 1438 1395 1463 ε
1422 1416 1544 1478 quod
1572 1432 1706 1476 genus

307 1490 427 1535 idem
453 1490 620 1534 Tullius
642 1489 835 1549 quodam
868 1490 966 1534 loco
985 1490 1319 1549 pronuntiatum
1350 1496 1478 1541 vocat
1499 1507 1508 1532 ε
1539 1496 1582 1532 01
1602 1502 1702 1531 011111

308 1562 431 1607 verbi
450 1561 576 1605 tertia
598 1576 781 1620 persona
799 1570 884 1616 est,
908 1561 1230 1605 nominativum
1256 1575 1357 1604 cum
1384 1575 1433 1603 ea
1455 1574 1603 1604 casum
1623 1574 1705 1604 no-

309 1633 440 1678 minis
459 1633 582 1677 3111111
595 1647 686 1677 esse
703 1642 933 1692 oportere,
957 1642 999 1677 et
1017 1641 1133 1676 recte
1155 1632 1279 1676 aiunt
1302 1651 1310 1677 z
1337 1629 1457 1692 quod
1479 1645 1653 1676 mecum
1673 1631 1706 1675 si

308 1703 556 1749 consideres
574 1739 585 1758 ,
616 1702 738 1748 velut
759 1717 861 1747 cum
883 1703 1068 1746 dicimus
1084 1738 1095 1758 ,
1121 1703 1255 1747 homo
1277 1700 1399 1746 sedet
1415 1737 1426 1757 ,
1446 1716 1586 1762 equus
1603 1717 1706 1747 cur-

309 1776 365 1820 rit
381 1811 391 1830 ,
418 1774 640 1835 agnoscis,
665 1783 717 1818 ut
746 1773 917 1834 opinor,
943 1772 1034 1818 duo
1067 1788 1157 1817 esse
1178 1772 1478 1833 pronuntiata.
1505 1775 1588 1817 An.
1614 1775 1707 1831 Ag-

311 1863 460 1892 nosco.
493 1850 608 1892 Am.
644 1846 794 1892 Cernis
816 1846 862 1889 in
892 1845 1071 1905 singulis
1102 1844 1274 1904 singula
1301 1859 1390 1889 esse
1420 1843 1627 1899 nomina,
1662 1844 1708 1887 in

310 1934 402 1962 uno
420 1919 576 1972 homo,
601 1917 648 1960 in
671 1916 807 1960 altero
836 1931 996 1976 equus3
1017 1924 1060 1959 et
1081 1915 1216 1960 verba
1238 1913 1407 1972 singula
1421 1949 1432 1970 ,
1457 1915 1504 1958 in
1525 1929 1617 1958 uno
1638 1929 1707 1958 se·-

313 1988 410 2043 det,
433 1990 480 2032 in
502 1988 638 2033 altero
661 1988 827 2032 currit?
855 1989 937 2031 An.
966 1988 1124 2032 Cerno.
1155 1989 1270 2031 Am.
1299 1988 1414 2044 Ergo
1434 1985 1469 2030 si
1493 1985 1704 2041 dicerem,

311 2058 433 2104 sedet
458 2067 630 2103 tantum
647 2094 657 2113 ,
684 2067 759 2102 aut
791 2057 926 2102 currit
947 2065 1120 2101 tantum
1134 2091 1145 2112 ,
1178 2065 1295 2100 recte
1324 2072 1348 2100 a
1369 2070 1439 2099 me
1461 2070 1676 2116 quaereres
1694 2089 1706 2111 ,

312 2129 409 2190 quis
429 2129 500 2174 vel
524 2128 658 2190 quid,
682 2138 733 2173 ut
753 2126 1061 2188 responderem
1082 2127 1239 2181 homo,
1264 2125 1334 2171 vel
1359 2140 1513 2186 equuS,
1527 2125 1598 2170 vel
1615 2125 1709 2170 ani-

314 2199 429 2255 mal,
455 2200 524 2244 vel
556 2198 786 2260 quodlibet
819 2197 967 2253 aliud,
1009 2213 1098 2258 quo
1130 2197 1266 2257 possit
1287 2211 1449 2241 nomen
1485 2195 1708 2240 redditum

314 2270 448 2314 verbo
471 2269 651 2329 implere
684 2269 1017 2329 pronuntiatum
1034 2303 1045 2324 ,
1081 2266 1127 2311 id
1163 2276 1227 2312 est
1243 2302 1254 2322 ,
1278 2266 1398 2311 illam
1421 2266 1678 2311 sententiam
1695 2301 1706 2321 ‚

313 2356 412 2400 quae
446 2340 650 2384 affirmari
673 2348 715 2383 et
738 2339 884 2398 negari
906 2348 1063 2399 potest.
1106 2341 1188 2383 AD.
1226 2336 1444 2395 Intelligo.
1481 2339 1594 2381 Am.
1622 2340 1704 2380 At-

316 2410 447 2454 tende
469 2419 623 2455 caetera
640 2445 650 2465 ,
677 2419 720 2454 et
741 2411 857 2469 finge
885 2425 963 2454 nos
984 2409 1132 2454 videre
1155 2406 1322 2468 aliquid
1345 2405 1517 2465 longius
1533 2442 1544 2462 ,
1570 2416 1613 2451 et
1634 2406 1708 2450 in-

317 2478 487 2524 certum
517 2481 701 2536 habere,
738 2490 888 2525 utrum
921 2479 1081 2524 animal
1113 2479 1168 2523 sit
1199 2494 1255 2521 an
1289 2493 1466 2533 saxum,
1506 2477 1578 2522 vel
1600 2477 1708 2537 quid

316 2550 463 2605 aliud,
503 2567 659 2612 meque
695 2552 771 2596 tibi
805 2552 969 2607 dicere,
994 2551 1104 2604 Quia
1137 2550 1270 2595 homo
1307 2558 1393 2604 est,
1419 2548 1577 2595 animal
1609 2557 1701 2603 est,
