1888 3168
218 179 298 215 :528
639 188 671 215 s.
710 186 790 217 Ace,
800 191 937 218 rsmvi
970 191 1150 218 EPlscori

215 268 326 314 puer
349 262 448 297 tuus
468 251 709 313 quamlibet
729 254 1070 315 impolitissimus
1088 264 1131 299 et
1150 254 1473 310 rusticissimus,
1497 270 1597 299 cum

214 323 283 369 vel
302 339 390 368 uno
409 324 544 368 verbo
560 324 843 384 interroganti
862 326 940 369 tibi
959 325 1216 386 respondet,
1242 324 1387 370 fateris
1401 340 1501 369 eum
1524 325 1601 369 ali-

214 394 322 455 quid
335 394 573 439 (licerePD.
594 399 765 441 Fateor.
782 399 966 456 M.Erg·o
990 407 1033 441 et
1054 397 1126 441 ille
1148 408 1294 443 orator
1317 399 1404 441 est?
1418 400 1468 442 D.
1485 399 1597 442 Non.

213 468 273 510 M.
286 468 383 511 Non
406 466 536 525 igitur
550 465 740 511 dictione
759 483 859 510 usus
882 477 945 512 est
959 483 1060 512 eum
1084 467 1250 529 aliquid
1265 468 1435 523 dixerit,
1453 482 1603 528 quam-

211 537 274 581 vis
298 536 533 581 dictionem
564 553 587 582 a
622 536 807 582 dicendo
840 537 1002 583 dictam
1036 554 1127 583 esse
1158 538 1383 584 fateamur.
1411 542 1463 584 D.
1485 540 1603 583 Con-

211 606 320 651 cedo
346 627 354 652 :
383 606 459 652 sed
486 617 529 652 et
555 609 637 652 hoc
666 623 754 668 quo
782 609 1000 668 pertineat
1022 610 1211 670 requiro.
1240 613 1300 656 M.
1335 609 1404 655 Ad
1425 609 1470 653 id
1495 607 1606 653 scili-

212 688 281 722 cet
303 688 354 723 ut
375 678 589 739 intelligas
617 677 966 725 modulationem
993 696 1118 741 posse
1148 680 1205 725 ad
1232 680 1367 726 solam
1391 680 1605 725 musicam

211 751 446 810 pertinere,
459 751 657 811 quamvis
675 750 848 808 modus,
862 753 980 796 unde
993 753 1156 797 flexum
1171 753 1358 798 verbum
1375 762 1454 809 est,
1470 751 1606 813 possit

211 822 342 866 ctiam
370 822 416 866 in
438 821 528 866 aliis
561 822 691 866 rebus
718 838 833 869 esse:
859 823 1236 885 quemadmodum
1266 824 1399 870 dictio
1430 824 1605 884 proprie

212 893 422 938 tribuitur
461 894 727 950 oratoribus,
762 897 960 957 quamvis
1001 896 1118 942 dicat
1158 896 1325 958 aliquid
1357 896 1495 941 omnis
1529 895 1606 956 qui

211 963 434 1026 loquitur,
470 974 513 1009 ct
542 981 564 1010 a
587 964 774 1012 dicendo
802 966 934 1013 dictio
962 968 1186 1014 nominata
1211 968 1280 1014 sit.
1317 971 1370 1013 D.
1406 969 1504 1012 Jam
1539 966 1607 1011 in-

210 1034 375 1095 telligo.

274 1111 355 1152 III.
390 1110 451 1152 M.
490 1107 607 1153 Illud
641 1125 742 1168 ergo
780 1111 900 1171 quod
938 1112 1014 1156 abs
1052 1121 1094 1156 te
1126 1120 1276 1172 postea
1311 1109 1478 1155 dietum
1516 1118 1604 1165 est,

211 1178 350 1223 multa
368 1194 456 1222 esse
475 1179 519 1223 in
545 1180 741 1226 canendo
767 1191 809 1226 et
827 1181 1025 1227 saltando
1046 1182 1170 1239 vilia,
1190 1184 1237 1227 in
1264 1182 1426 1243 quibus
1455 1181 1490 1226 si
1510 1196 1608 1225 mo-

211 1249 447 1295 dulationis
461 1267 623 1295 nomen
636 1253 872 1313 accipimus
886 1290 896 1310 ,
913 1269 1025 1314 pene
1041 1253 1186 1298 divina
1198 1254 1280 1298 ista
1297 1252 1528 1313 disciplina
1541 1252 1608 1297 vi-

210 1320 350 1377 lescit,
368 1322 614 1367 cautissime
634 1324 814 1370 omnino
836 1326 909 1369 abs
928 1334 968 1369 te
982 1325 1334 1371 animadversum
1357 1333 1435 1368 est.
1452 1327 1608 1384 Itaque

212 1391 497 1438 discutiamus
520 1395 712 1454 primum
745 1396 855 1456 quid
880 1396 934 1440 sit
963 1395 1197 1451 modulari,
1222 1395 1381 1439 deinde
1413 1394 1523 1455 quid
1555 1394 1610 1438 sit

212 1464 326 1508 bene
343 1464 584 1510 modulari:
608 1482 697 1511 non
720 1467 836 1510 enim
855 1466 1015 1512 frustra
1037 1476 1101 1512 est
1122 1466 1370 1511 definitioni
1388 1465 1602 1510 additum.

215 1538 441 1579 Postremo
465 1535 595 1579 etiam
618 1535 739 1596 quod
758 1537 818 1581 ibi
841 1538 956 1582 scien
966 1539 1020 1582 tia
1040 1539 1181 1597 posita
1199 1547 1278 1593 est,
1305 1553 1397 1582 non
1421 1546 1485 1580 est
1506 1552 1613 1581 con-

212 1606 504 1650 temnendum
522 1627 529 1651 :
556 1623 657 1651 nam
676 1607 743 1651 his
762 1607 918 1660 tribus,
936 1608 1017 1652 nisi
1039 1607 1184 1663 fallor,
1203 1608 1399 1652 definitio
1422 1607 1496 1652 illa
1517 1623 1614 1667 per-

211 1676 326 1722 fecta
349 1687 427 1721 est.
456 1681 506 1721 D.
527 1681 592 1722 Ita
610 1679 700 1722 fiat.
723 1681 783 1723 M.
804 1679 943 1737 Igitur
963 1679 1173 1739 quoniam
1194 1678 1385 1722 fatemur
1407 1676 1612 1722 modula-

211 1748 376 1792 tionem
401 1764 423 1791 a
447 1748 579 1792 modo
598 1765 687 1793 esse
700 1749 986 1805 nominatam,
1002 1750 1325 1810 numquidnam
1343 1749 1420 1794 tibi
1437 1749 1613 1794 videtur

212 1819 500 1864 metuendum
524 1836 579 1864 ne
601 1831 675 1865 aut
697 1821 932 1866 excedatur
955 1822 1129 1876 modus,
1156 1831 1232 1865 aut
1260 1838 1351 1865 non
1377 1821 1612 1882 impleatur

213 1892 293 1936 nisi
315 1892 359 1934 in
381 1892 512 1935 rebus
536 1909 635 1952 quae
658 1902 784 1936 motu
811 1892 958 1953 aliquo
985 1893 1120 1950 fiunt,
1144 1901 1219 1936 aut
1246 1893 1279 1936 si
1304 1892 1415 1936 nihil
1432 1908 1611 1938 movea-

213 1973 301 2018 tur,
324 1979 555 2022 possumus
584 1961 839 2018 formidare,
866 1979 921 2006 ne
938 1972 1096 2022 prseter
1112 1963 1296 2008 modum
1318 1963 1484 2025 aliquid
1506 1966 1611 2008 fiat?

211 2038 263 2079 D.
291 2034 423 2079 Nullo
443 2043 584 2094 paeto.
615 2038 674 2079 M.
695 2037 810 2092 Ergo
823 2033 1067 2079 modulatio
1083 2049 1172 2078 non
1194 2035 1436 2094 incongrue
1450 2034 1612 2079 dicitur

212 2105 419 2150 movendi
438 2104 641 2166 quaedam
664 2105 832 2165 peritia,
859 2104 930 2150 vel
947 2115 1063 2150 certe
1079 2122 1165 2166 qua
1185 2107 1234 2149 fit
1250 2115 1300 2150 ut
1317 2106 1430 2150 bene
1446 2106 1610 2168 aliquid

211 2187 454 2222 moveatur.
487 2179 585 2223 Non
608 2177 723 2220 enim
752 2193 982 2236 possumus
1004 2176 1168 2234 dicere,
1191 2177 1303 2222 bene
1333 2179 1499 2222 moveri
1527 2177 1609 2222 ali-

212 2250 342 2310 quid,
370 2250 402 2293 si
425 2248 607 2293 modum
636 2265 726 2292 non
750 2259 905 2294 servat.
934 2253 985 2294 D.
1018 2252 1116 2295 Non
1138 2265 1368 2309 possumus
1398 2249 1605 2311 quidem:

213 2320 289 2364 sed
314 2336 486 2364 neccsse
509 2320 590 2364 erit
623 2335 769 2364 rursus
792 2320 918 2364 istam
948 2319 1290 2365 modulationem
1324 2322 1368 2364 in
1402 2321 1608 2366 omnibus

213 2393 325 2435 bene
356 2390 477 2435 factis
501 2390 757 2449 intelligere.
784 2390 902 2436 Nihil
925 2392 1087 2452 quippe
1120 2391 1201 2435 nisi
1222 2392 1335 2436 bene
1362 2392 1603 2448 movendo,

212 2463 325 2506 liene
348 2462 440 2506 fieri
460 2461 602 2506 video.
630 2464 689 2506 M.
713 2461 829 2515 Quid
852 2462 884 2506 si
903 2461 1015 2506 forte
1033 2463 1110 2506 ista
1140 2462 1284 2507 omnia
1303 2478 1380 2522 per
1398 2462 1605 2506 musicam

215 2534 335 2586 fiant,
358 2533 554 2593 quamvis
572 2532 882 2577 modulationis
904 2549 1064 2579 nomen
1088 2533 1131 2577 in
1160 2532 1458 2593 cujuscemodi
1481 2548 1603 2591 orga-
