1888 3168
280 179 362 217 368
710 183 744 212 s.
782 183 1015 213 Aucusnm
1047 182 1230 211 EPISCOP1

280 253 490 315 posterior
512 259 703 312 quatuor
720 251 765 295 in
786 250 917 311 longa
939 260 983 295 et
1000 249 1173 294 duabus
1195 248 1401 293 brevibus
1419 269 1430 307 3
1455 258 1531 294 aut
1550 250 1671 309 prior

280 334 471 387 quatuor
500 324 546 368 in
579 322 752 368 duabus
782 323 946 382 longis,
971 322 1183 382 posterior
1203 321 1250 365 in
1271 319 1444 366 duabus
1466 320 1673 365 brevibus

281 399 387 443 duo.
415 400 583 442 Horum
613 406 761 441 autem
795 395 929 439 trium
957 393 1123 454 pedum
1151 402 1316 454 parte5‚
1348 392 1471 455 quod
1503 392 1559 437 ad
1585 392 1675 452 pri-

281 485 404 515 mum
433 479 477 514 ct
498 469 675 513 tertium
705 467 876 523 attinet,
908 465 1271 526 complicatorum
1293 480 1581 511 numerorum
1602 479 1675 508 ra-

282 542 401 587 tione
419 541 501 586 sibi
525 549 829 600 comparatur3
853 537 1023 583 medius
1046 537 1235 599 aequales
1257 553 1327 583 eas
1343 537 1493 582 habet.

341 615 445 657 XII.
475 615 573 656 Jam
607 611 810 670 deinceps
845 610 936 654 istae
970 610 1071 654 duae
1109 610 1262 655 breves
1295 626 1394 671 quae
1428 609 1679 668 conjunctae

283 684 586 745 ponebantur,
622 681 851 742 disjunctae
884 680 1101 741 ponendae
1132 690 1259 726 sunt:
1284 696 1473 742 quarum
1500 679 1680 723 minima

284 755 518 816 disjunctio
541 763 624 809 est,
655 769 677 797 a
700 769 786 813 qua
810 752 940 796 etiam
962 751 1284 812 incipiendum,
1316 760 1369 796 ut
1387 766 1523 795 unam
1545 749 1680 808 sylla-

283 828 387 872 bam
423 826 605 885 longam
643 824 757 868 inter
788 839 832 867 se
870 823 1089 882 habeant3
1124 823 1332 878 maxima,
1368 831 1419 867 ut
1444 822 1568 866 duas.
1597 820 1682 866 Sed

287 914 388 943 cum
424 914 512 941 una
534 905 597 940 est
620 896 733 940 inter
755 910 856 964 eas&
875 892 1050 940 duobus
1086 893 1228 939 modis
1259 894 1326 949 fit⁷
1351 902 1395 937 et
1426 892 1516 938 duo
1548 890 1682 952 pedes

287 969 542 1028 gignuntur.
570 966 693 1011 Prior
712 975 859 1010 autem
881 975 946 1010 est
966 966 1125 1011 horum
1142 965 1392 1019 modorum,
1412 972 1463 1008 ut
1480 963 1526 1007 in
1544 962 1684 1022 capite

287 1039 431 1084 brevis
453 1039 522 1094 sit,
548 1037 707 1082 deinde
729 1037 886 1096 longa,
904 1037 1007 1081 inde
1025 1037 1168 1082 brevis
1189 1045 1233 1081 et
1252 1035 1383 1095 longa
1400 1050 1500 1096 quae
1517 1033 1686 1095 reliqua

287 1120 366 1156 est.
393 1110 515 1156 Alter
536 1109 696 1154 modus
720 1119 798 1165 est,
817 1118 868 1153 ut
888 1109 934 1153 in
957 1109 1150 1155 secundo
1171 1118 1216 1154 et
1236 1110 1282 1153 in
1302 1108 1461 1152 ultimo
1483 1106 1570 1151 sint
1590 1106 1688 1150 bre·-

287 1199 377 1238 ves,
396 1183 441 1226 in
458 1183 601 1243 primo
618 1191 662 1225 ct
679 1182 807 1227 tertio
824 1181 922 1226 loco
940 1180 1109 1242 longae:
1130 1182 1189 1226 ita
1209 1181 1292 1226 erit
1311 1180 1445 1240 longa
1466 1188 1510 1224 et
1525 1178 1685 1234 brevis,

289 1263 333 1299 et
353 1253 487 1313 longa
518 1262 562 1297 et
595 1252 754 1297 brevis.
781 1252 969 1298 Maxima
990 1268 1095 1298 vero
1115 1251 1191 1297 illa
1214 1251 1448 1313 disjunctio
1475 1259 1554 1307 est,
1586 1263 1689 1295 cum

290 1325 391 1370 duae
412 1325 556 1383 longae
577 1323 625 1367 in
647 1324 796 1368 medio
818 1333 943 1378 sunt,
969 1325 1171 1369 brevium
1195 1333 1342 1368 autem
1358 1339 1447 1368 una
1463 1323 1511 1366 in
1526 1322 1686 1383 primo,

292 1396 427 1441 altera
450 1396 497 1439 in
535 1403 730 1439 extremo
761 1393 875 1439 loco.
901 1396 960 1438 Et
992 1393 1252 1437 dividuntur
1284 1395 1314 1436 ii
1346 1404 1432 1436 tres
1462 1392 1620 1451 pedes,
1644 1393 1691 1436 in

292 1467 454 1528 quibus
468 1466 621 1510 breves
636 1463 867 1524 disjunctae
885 1473 1131 1524 ponuntur,
1146 1464 1193 1507 in
1211 1463 1293 1507 tria
1314 1472 1358 1507 et
1373 1463 1456 1507 tria
1473 1471 1688 1522 tempora,

295 1539 340 1583 id
373 1547 458 1593 cst,
483 1536 652 1597 primus
675 1537 836 1580 horum
868 1536 915 1579 in
937 1536 1116 1579 brevem
1150 1544 1193 1579 et
1213 1534 1414 1594 longam,
1441 1543 1486 1578 et
1512 1534 1692 1579 brevem

294 1627 343 1656 ac
364 1610 542 1668 longam
562 1629 572 1666 3
598 1607 816 1652 secundus
837 1606 883 1649 in
899 1605 1079 1665 longam
1094 1621 1143 1650 ac
1165 1606 1360 1661 brevem,
1381 1614 1425 1650 et
1444 1605 1621 1664 longam
1643 1620 1693 1649 ac

294 1682 472 1727 brevem
493 1701 504 1738 3
531 1679 685 1724 tertius
708 1678 754 1722 in
775 1677 955 1722 brevem
972 1693 1020 1722 ac
1041 1676 1235 1735 longam,
1261 1685 1305 1721 et
1321 1676 1500 1736 longam
1521 1691 1570 1721 ac
1591 1676 1694 1720 bre-

295 1768 409 1797 vem.
432 1755 498 1795 lta
520 1751 635 1794 fiunt
664 1764 735 1794 sex
752 1747 884 1808 pedes
908 1746 1081 1792 duabus
1103 1747 1309 1792 brevibus
1331 1757 1375 1791 et
1399 1747 1573 1792 duabus
1594 1745 1695 1792 lon-

297 1823 358 1882 gis
379 1821 558 1881 syllabis
576 1820 693 1865 varie
716 1820 830 1863 inter
847 1835 913 1874 se,
935 1818 1057 1879 quod
1079 1827 1284 1879 possunt,
1308 1818 1476 1863 locatis.

358 1897 485 1939 XIII.
512 1896 665 1936 Restat
686 1901 737 1935 ut
765 1891 820 1934 de
840 1899 1030 1951 quatuor
1051 1890 1258 1935 brevibus
1281 1889 1567 1934 detrahantur
1588 1898 1691 1946 tres,

298 1976 342 2011 et
364 1981 442 2026 pro
476 1964 543 2008 his
573 1972 658 2007 tres
685 1961 831 2021 longae
854 1963 1203 2007 constituantur:
1229 1962 1310 2007 erit
1342 1977 1430 2006 una
1459 1962 1625 2016 brevis,
1651 1970 1696 2006 et

299 2038 401 2099 quia
422 2053 511 2082 una
525 2036 668 2080 brevis
692 2034 737 2078 in
759 2034 917 2093 capite,
935 2050 1069 2095 quam
1086 2044 1171 2079 tres
1188 2033 1334 2094 longae
1351 2043 1692 2095 consequentur,

299 2108 404 2155 sacit
425 2107 560 2152 alium
581 2105 761 2166 pedem,
788 2104 981 2150 seeundo
1014 2105 1113 2150 loco
1144 2105 1284 2166 posita
1315 2103 1581 2161 secundum,
1606 2115 1698 2150 ter-

301 2181 413 2225 tium
429 2179 574 2234 tertio,
592 2185 799 2238 quartum
817 2185 989 2237 quarto.
1011 2178 1212 2230 Quorum
1231 2184 1437 2236 quatuor,
1458 2175 1548 2221 duo
1564 2176 1695 2237 primi

299 2251 346 2296 in
366 2252 448 2296 tria
470 2259 514 2295 et
531 2257 722 2311 quatuor
744 2257 942 2308 tempora
964 2246 1239 2303 dividuntur,
1266 2245 1355 2292 duo
1377 2256 1525 2292 autem
1545 2255 1696 2308 poste-

301 2323 433 2368 riores
455 2322 500 2366 in
523 2330 712 2382 quatuor
735 2328 778 2363 et
799 2319 903 2375 tria⁷
937 2328 980 2364 et
1011 2333 1164 2363 omnes
1192 2328 1494 2380 sesquatorum
1527 2319 1696 2364 ratione

301 2408 589 2438 numerorum
615 2399 758 2452 partes
787 2390 869 2434 sibi
891 2389 1070 2435 collatas
1099 2389 1289 2435 habent:
1314 2406 1416 2435 nam
1448 2390 1568 2452 prior
1599 2405 1698 2451 pars

302 2464 432 2524 primi
453 2473 518 2508 est
539 2462 682 2507 brevis
713 2469 756 2505 et
776 2460 930 2521 longa,
957 2470 1109 2505 tenens
1132 2461 1213 2505 tria
1234 2470 1434 2521 tempora
1451 2479 1462 2514 ;
1485 2462 1698 2523 posterior

304 2534 403 2579 duze
422 2534 564 2593 longae
586 2533 630 2578 in
653 2541 843 2592 quatuor
863 2532 1147 2592 temporibus.
1168 2532 1359 2579 Secundi
1375 2533 1494 2593 prior
1514 2548 1612 2594 pars
1633 2541 1698 2577 est
