1852 3163
481 204 645 228 noixa‘nA
680 200 941 227 Amnis-uicos
975 201 1094 226 LIBER
1131 201 1194 225 111.
1478 188 1533 225 99

145 267 343 327 capitalia
372 268 416 312 in
453 268 555 312 istos
576 276 793 312 venerunt
814 267 856 310 in
881 274 1093 319 montem,
1119 274 1169 308 ut
1185 267 1274 324 jam
1298 280 1386 308 non
1418 263 1535 308 ride-

147 354 259 394 rem,
287 338 362 383 sed
383 338 541 398 partim
567 339 883 393 stomacharer,
918 337 1075 397 partim
1107 335 1305 380 dolorem
1338 335 1536 379 homines

145 409 416 454 doctissimos
438 417 482 453 et
518 408 786 454 acutissimos
807 409 853 453 in
890 417 1010 453 tanta
1043 406 1202 453 scelera
1224 406 1539 451 sententiarum

144 489 189 525 et
209 479 373 539 flagitia
392 478 636 525 devolutos.

144 628 175 642 §N
178 627 207 642 bk
211 626 479 643 wmwmvww
482 627 543 643 tm
547 626 611 643 ww}
614 625 879 645 WBMNVWUUWK
882 625 962 641 m
965 625 978 640 ἱ
982 625 1013 639 §A
1016 622 1536 640 wuxwwwmwwmmmmwwu

653 758 871 810 CAPUT
915 761 1049 807 th.

149 906 341 954 Facere
352 905 486 967 quod
495 905 685 953 videtur
689 904 946 967 probabile
960 906 1111 951 etiam
1117 905 1244 951 citra
1262 919 1513 950 assensum
1523 939 1540 960 ,

663 979 912 1042 nefarium
933 987 1019 1023 est.

208 1117 393 1161 XXXV.
430 1117 579 1161 CERTE
610 1116 729 1160 enim
762 1131 853 1161 non
889 1114 1070 1161 fortasse
1101 1114 1265 1170 omnis,
1291 1114 1367 1175 qui
1404 1123 1545 1169 errat,

149 1197 304 1248 peccat
322 1208 330 1233 ε
359 1188 500 1233 omnis
523 1197 688 1243 tamen,
709 1188 786 1248 qui
810 1197 963 1248 peccat
977 1223 988 1243 ‚
1011 1196 1088 1232 aut
1103 1202 1246 1232 errare
1263 1185 1520 1231 conceditur
1535 1221 1547 1240 ‚

153 1269 230 1304 aut
247 1259 416 1320 aliquid
438 1260 575 1320 pejus.
596 1258 714 1313 Quid
731 1259 765 1304 si
788 1276 891 1319 ergo
909 1259 1065 1320 aliquis
1089 1258 1431 1304 adolescentium
1451 1273 1553 1302 cum

148 1331 228 1376 hos
243 1330 448 1386 audierit,
473 1330 668 1375 dicentes
688 1350 696 1376 :
724 1334 869 1392 Turpe
892 1341 957 1376 est
979 1348 1122 1376 errare
1143 1367 1154 1388 ‚
1178 1340 1222 1376 et
1241 1331 1340 1376 ideo
1363 1329 1474 1375 nulli
1489 1329 1551 1374 rei

148 1403 397 1449 consentire
420 1402 635 1448 deb-emus
661 1423 670 1448 ε
707 1403 786 1448 sed
807 1412 956 1448 tamen
982 1419 1084 1448 cum
1114 1403 1200 1462 agit
1223 1404 1409 1464 quisque
1431 1401 1553 1464 quod

148 1473 189 1518 ei
212 1472 388 1520 videtur
408 1473 655 1535 probabile,
677 1490 757 1519 nec
780 1485 956 1535 peccat,
981 1490 1062 1520 nec
1086 1484 1216 1519 errat.
1243 1473 1363 1519 Illud
1379 1483 1553 1518 tantum

148 1546 415 1603 meminerit,
433 1545 653 1608 quidquid
666 1547 856 1592 occurrit
867 1547 938 1592 vel
960 1547 1104 1591 animo
1121 1546 1191 1592 vel
1212 1546 1410 1591 sensibus
1427 1582 1437 1602 ‚
1459 1561 1551 1591 non

149 1634 229 1679 pro
244 1634 348 1664 vero
366 1634 455 1663 esse
478 1618 829 1678 approbandum.
857 1619 909 1664 Id
931 1619 1064 1678 igitur
1082 1618 1264 1663 audiens
1278 1617 1546 1674 adolescens,

150 1690 427 1735 insidiabitur
436 1690 660 1750 pudicitiae
674 1691 819 1735 uxoris
834 1689 1001 1735 alienae.
1012 1695 1070 1736 Te
1080 1700 1121 1735 te
1131 1690 1397 1745 consulQM.
1413 1689 1546 1746 Tulli,

150 1762 205 1807 de
223 1761 567 1807 adolescentium
583 1762 778 1807 moribus
800 1763 977 1823 vitaque
995 1772 1248 1818 tractamus,
1267 1762 1337 1807 cui
1361 1760 1551 1806 educan-

146 1833 219 1879 11ae
241 1843 374 1894 atque
390 1832 671 1878 instituendae
686 1849 837 1878 omnes
854 1833 941 1877 illae
954 1833 1112 1878 litterae
1126 1843 1214 1878 tuae
1235 1833 1545 1893 vigilaverunt.

151 1905 268 1960 Quid
289 1904 411 1950 aliud
426 1904 623 1950 dicturus
641 1921 684 1950 es
696 1941 707 1960 ‚
733 1921 867 1966 quam
883 1922 974 1950 non
991 1906 1070 1950 tibi
1086 1922 1176 1951 esse
1193 1905 1420 1967 probabile
1437 1914 1488 1950 ut
1505 1904 1552 1950 id

146 1977 283 2023 faciat
305 1977 581 2022 adolescens?
607 1980 665 2022 At
686 1977 750 2022 illi
774 1978 1003 2038 probabile
1025 1988 1105 2023 est.
1131 1982 1243 2024 Nam
1270 1978 1305 2023 si
1334 1994 1385 2023 ex
1407 1977 1550 2022 alieno

151 2048 372 2112 probabili
404 2049 590 2094 vivimus
605 2084 617 2105 ,
648 2065 729 2094 nec
758 2058 808 2094 tu
832 2049 1023 2094 debuisti
1046 2050 1348 2095 administrare
1369 2065 1550 2109 rempu-

151 2122 311 2167 blicam
329 2143 340 2180 3
378 2121 481 2182 quia
523 2121 715 2181 Epicuro
747 2121 890 2166 visum
932 2131 997 2167 est
1024 2138 1116 2167 non
1155 2138 1245 2167 esse
1276 2121 1545 2167 faciendum.

153 2194 433 2241 Adulterabit
449 2194 581 2253 igitur
602 2192 860 2254 ille-juvenis
884 2196 1115 2256 conjugem
1139 2194 1348 2240 alienam:
1369 2194 1446 2256 qui
1468 2193 1549 2238 dc-

153 2267 392 2327 prehensus
420 2265 454 2310 si
487 2264 642 2321 suerit,
676 2265 755 2309 ubi
788 2265 830 2309 te
865 2265 1057 2311 inveniet
1089 2282 1114 2310 a
1145 2282 1233 2327 quo
1255 2264 1546 2310 defendatur:

153 2353 408 2400 quanquam
444 2337 612 2382 etiamsi
654 2337 848 2382 inveniat
865 2373 876 2393 ⁷
901 2338 1010 2398 quid
1034 2337 1231 2382 dicturus
1253 2340 1327 2382 es?
1359 2337 1548 2397 Negabis

153 2410 367 2471 profecto,
385 2408 504 2462 Quid
513 2409 548 2453 si
566 2418 656 2453 tam
673 2407 842 2453 clarum
861 2418 945 2464 est,
962 2419 1013 2454 ut
1026 2408 1185 2454 frustra
1208 2409 1431 2453 inficiere?
1449 2413 1550 2454 Per-

153 2481 353 2528 suadebis
384 2481 620 2537 nimirum,
646 2490 858 2542 tanquam
881 2481 926 2525 in
949 2484 1148 2527 Cumano
1171 2481 1397 2541 gymnasio
1419 2490 1551 2542 atque

155 2553 264 2600 adeo
295 2552 605 2613 Neapolitano,
638 2551 749 2598 nihil
786 2569 888 2597 eum
918 2569 1142 2613 peccasse,
1167 2553 1255 2598 imo
1300 2554 1430 2598 etiam
1469 2568 1550 2598 nec

1299 2627 1338 2665 7.
