1888 3168
509 190 632 216 LIBER
665 189 720 215 DE
754 184 1029 224 ριἈΝΤῙΤΛΤΕ
1063 184 1224 213 Arnum.
1480 174 1559 212 291

172 264 361 316 pertum.
388 256 440 299 E.
471 254 699 313 Intelligo,
721 262 764 297 et
779 252 942 313 optime
961 251 1091 296 video
1114 250 1231 295 istud
1256 265 1498 310 congruere
1520 265 1569 294 ae

172 325 317 371 favere
329 325 393 370 1111
401 324 646 369 definitioni
658 334 901 384 tuae,quam
914 332 965 367 ut
977 337 1119 366 meam
1130 320 1571 366 mihidefendendam

173 397 355 455 dedisti,
385 412 488 441 nam
510 396 570 440 ita
596 396 778 440 memini
807 410 896 440 esse
926 394 1002 439 abs
1038 403 1081 438 te
1113 408 1289 437 sensum
1313 393 1568 447 definitum,

173 484 276 514 cum
298 467 488 513 animam
512 483 603 512 non
623 466 732 512 latet
756 465 879 527 quod
898 465 1062 526 patitur
1081 479 1254 524 corpus.
1282 467 1436 524 Itaque
1458 462 1573 507 illud

174 540 295 602 quod
316 538 466 584 fumus
493 537 691 595 videtur,
721 554 897 584 sensum
925 552 1132 582 vocamus
1156 536 1298 597 :passi
1327 545 1429 580 sunt
1453 535 1570 580 enim

175 627 277 657 eum
294 610 410 656 oculi
432 609 652 666 videndo,
682 612 758 672 qui
780 620 882 656 sunt
910 609 1103 670 corporis
1125 618 1269 670 partes
1287 617 1331 652 et
1351 623 1534 668 corpora
1560 626 1570 652 :

174 684 320 744 ignem
344 693 492 728 autem
528 700 578 728 ex
605 700 695 745 quo
725 683 837 728 nihil
869 699 1026 743 corpus
1057 692 1121 727 est
1153 697 1353 743 passum,
1379 679 1576 742 quamvis

175 755 377 815 cognitus
398 754 531 800 fuerit
544 791 555 811 ,
573 771 750 800 sensum
767 772 859 800 non
879 771 1099 801 vocamus.

234 830 393 872 XLVI.
419 831 472 872 A.
498 829 755 872 Memoriam
778 828 958 890 quidem
978 837 1101 872 tuam
1122 826 1263 888 probo
1285 835 1329 871 et
1346 840 1578 887 sequacem

176 898 540 958 intelligentiam,
570 915 724 945 verum
758 899 946 944 munitio
975 898 1051 943 illa
1079 897 1346 943 definitionis
1374 896 1572 941 labascit.

176 973 229 1016 E.
261 973 352 1017 Cur
373 973 554 1032 quaeso?
575 975 629 1016 A.
659 972 772 1025 Quia
792 988 883 1017 11011
906 986 1035 1030 negas
1050 1007 1060 1027 ,
1087 980 1137 1015 ut
1167 970 1345 1031 opinor,
1371 966 1578 1014 nonnihil

176 1044 268 1104 pati
285 1059 443 1104 corpus
466 1059 568 1089 cum
588 1045 843 1101 crescimus,
867 1044 938 1090 vel
959 1044 1244 1100 senescimus,
1264 1058 1412 1104 neque
1429 1040 1477 1086 id
1499 1055 1578 1085 nos

176 1113 269 1160 ullo
289 1131 420 1161 sensu
442 1115 602 1161 sentire
625 1115 908 1161 manifestum
935 1126 1022 1177 est,
1047 1132 1128 1161 1166
1149 1115 1367 1161 id'tamen
1389 1114 1581 1159 animam

177 1187 299 1233 latet.
321 1191 422 1234 Non
444 1189 578 1248 igitur
595 1205 691 1234 eam
707 1188 814 1234 latet
834 1189 1047 1251 quiddam
1071 1188 1193 1250 quod
1215 1187 1378 1249 patitur
1392 1202 1573 1248 corpus,

177 1276 260 1305 1166
281 1269 431 1305 tamen
450 1275 599 1306 sensus
620 1261 700 1305 iste
717 1259 926 1321 appellari
948 1269 1107 1319 potest.
1129 1258 1333 1304 Videndo
1356 1259 1473 1303 enim
1487 1274 1582 1303 ma-

171 1333 268 1393 j0ra
298 1348 347 1377 ea
379 1349 479 1393 quae
514 1332 754 1392 aliquando
792 1332 964 1375 minora
998 1330 1274 1387 videramus,
1316 1341 1360 1376 et
1387 1329 1579 1375 videndo

177 1419 301 1449 senes
324 1419 397 1448 eos
420 1419 530 1463 quos
543 1404 725 1464 juvenes
747 1419 796 1447 ac
816 1417 975 1463 pueros
997 1402 1132 1448 fuisse
1154 1413 1346 1460 constat,
1365 1404 1583 1464 conjecta-

177 1491 275 1520 mus
309 1475 505 1536 aliquam
539 1474 672 1519 talem
699 1475 991 1520 mutationem
1025 1485 1173 1520 nostra
1202 1492 1384 1536 corpora
1400 1511 1410 1531 ,
1452 1474 1585 1519 etiam

177 1563 299 1592 nune
316 1546 424 1591 dum
439 1546 680 1607 loquimur,
697 1546 807 1607 pati.
826 1549 979 1607 Neque
992 1547 1038 1591 in
1052 1563 1103 1592 eo
1120 1546 1331 1603 fallimur,
1347 1557 1398 1592 ut
1412 1547 1585 1607 opinor:

177 1635 280 1664 nam
308 1618 546 1679 proclivius
569 1628 632 1663 est
655 1627 704 1662 ut
733 1633 804 1662 me
836 1617 930 1661 falli
953 1617 1094 1662 dicam
1115 1619 1238 1679 quod
1267 1619 1418 1675 video,
1453 1634 1587 1679 quam

177 1690 302 1752 quod
318 1689 526 1748 intelligo
549 1689 729 1750 capillos
751 1705 871 1734 meos
891 1706 1010 1736 nune
1028 1706 1242 1746 crescere,
1270 1706 1484 1750 corpusve
1506 1706 1587 1750 per

179 1771 405 1807 momenta
422 1761 602 1805 mutari.
625 1759 757 1814 Quod
778 1760 812 1804 si
825 1761 1013 1805 mutatio
1027 1761 1108 1805 ista
1123 1796 1134 1816 ,
1149 1761 1290 1821 passio
1313 1761 1505 1821 corporis
1524 1771 1588 1805 est

179 1833 304 1896 quod
324 1849 458 1878 nemo
479 1841 635 1892 negat,
660 1848 742 1877 1166
764 1848 883 1878 1111116
906 1832 1093 1877 sentitur
1115 1849 1139 1877 a
1158 1833 1307 1888 nobis,
1333 1848 1415 1878 1166
1436 1843 1586 1878 tamen

180 1907 372 1951 animam
393 1905 523 1959 latet,
549 1905 653 1965 quia
680 1920 759 1949 nos
780 1920 872 1949 non
892 1904 1026 1959 latet,
1055 1905 1244 1964 patitur,
1271 1913 1322 1949 ut
1343 1904 1456 1961 dixi,
1487 1921 1586 1950 cor-

180 1994 263 2038 pus
285 1975 409 2037 quod
425 1991 518 2020 non
537 1974 646 2019 latet
662 1975 851 2019 animam
863 2011 875 2031 ,
900 1991 983 2020 nec
999 1991 1149 2020 sensus
1169 1985 1234 2020 est
1251 1985 1415 2021 tamen.
1438 1980 1583 2031 Quare

180 2048 256 2093 illa
277 2046 478 2093 definitio
497 2062 598 2107 quae
612 2046 725 2090 nihil
740 2046 861 2107 quod
884 2062 1033 2091 sensus
1050 2063 1141 2092 non
1155 2057 1287 2103 esset,
1307 2048 1499 2093 debebat
1520 2050 1585 2093 111-

183 2120 383 2175 cludere,
408 2134 512 2163 cum
530 2119 615 2164 hoc
631 2117 808 2167 inclusit
823 2154 835 2174 ,
855 2127 972 2163 certe
992 2119 1145 2165 vitiosa
1161 2129 1240 2165 est.
1265 2123 1318 2165 E.
1343 2120 1462 2166 Nihil
1474 2122 1582 2166 mihi

183 2202 345 2238 restare
368 2190 519 2247 video,
546 2206 681 2252 quam
703 2200 754 2235 ut
776 2200 818 2235 te
841 2200 1012 2251 petam,
1036 2201 1088 2236 ut
1108 2201 1184 2237 aut
1213 2191 1395 2238 definias
1426 2193 1552 2238 aliter
1567 2230 1578 2251 ,

185 2272 261 2309 aut
283 2263 399 2307 hanc
420 2277 615 2317 recures,
642 2261 677 2307 si
704 2271 854 2322 potes:
880 2277 983 2308 nam
1011 2278 1105 2308 eam
1133 2263 1215 2308 ista
1246 2264 1415 2309 ratione
1448 2281 1583 2326 quam

184 2336 470 2382 vehementer
500 2334 667 2395 probo,
706 2335 907 2380 vitiosam
950 2351 1040 2393 esse
1072 2352 1230 2395 negare
1261 2353 1352 2382 non
1384 2353 1578 2398 possum.

183 2412 236 2454 Α.
259 2404 404 2452 Facile
426 2414 492 2450 est
510 2405 639 2451 istam
661 2406 902 2466 corrigere,
929 2406 1052 2467 quod
1072 2407 1173 2453 volo
1186 2417 1236 2453 tu
1249 2408 1429 2454 audeas:
1454 2408 1585 2454 facies

186 2479 325 2534 enim,
350 2477 461 2521 mihi
478 2476 607 2522 crede
621 2513 632 2533 ,
656 2478 690 2522 si
707 2478 821 2522 bene
842 2477 1093 2523 intellexisti
1110 2479 1187 2523 uhi
1207 2489 1374 2539 peccet.
1395 2482 1447 2525 E.
1469 2484 1583 2526 Num

189 2550 293 2596 alibi
329 2564 462 2610 quam
496 2548 574 2593 ubi
618 2548 756 2596 aliena
792 2549 1148 2609 comprehcndit?¹
1185 2554 1236 2595 A.
1274 2554 1373 2604 Quo
1405 2552 1583 2597 tandem

1185 2627 1188 2630 “
1300 2625 1362 2663 19.
