1883 3194
515 209 679 238 CONTRA
713 209 975 236 ACADfflucos
1007 209 1133 235 Liiffiu
1164 211 1230 235 111.
1518 198 1574 236 67

177 277 308 321 detur
321 276 523 337 Alypi01.
542 278 653 321 Tum
675 274 771 321 ille:
789 278 1016 330 Quantum
1031 275 1166 336 juris,
1192 273 1363 336 inquit,
1388 273 1580 320 fortunae

177 348 366 404 tribuas,
399 346 601 393 nondum
632 347 746 392 bene
774 348 894 393 novi.
919 349 1029 393 Nam
1060 346 1095 391 si
1122 346 1178 390 ad
1209 345 1580 391 contemnendam

175 419 400 466 fortunam
417 455 428 476 ,
452 419 634 464 fortuna
656 419 750 480 ipsa
772 434 883 480 opus
904 434 996 464 esse
1019 418 1242 463 arbitraris
1258 454 1269 474 ,
1296 434 1367 462 me
1400 434 1581 480 quoque

177 493 385 538 comitem
406 492 452 536 in
484 492 600 537 hanc
637 491 901 537 sententiam
923 491 982 536 do
1004 489 1100 535 tibi.
1131 490 1205 535 Sin
1242 488 1436 535 fortunae
1469 489 1582 536 nihil

176 564 300 609 aliud
320 562 545 619 concedis,
567 578 702 625 quam
719 579 769 608 ea
786 579 886 625 quae
899 562 1092 624 corporis
1115 561 1359 607 necessitati
1374 578 1464 607 non
1479 578 1583 624 pos-

175 645 280 681 sunt
295 635 378 681 nisi
399 635 492 696 ipsa
507 634 683 681 volente
703 644 936 696 suppetere
951 671 962 690 ,
988 651 1078 680 non
1096 635 1156 679 ita
1173 634 1328 679 sentio.
1350 637 1442 680 Aut
1466 636 1584 680 enim

176 706 279 752 licet
305 707 458 752 eadem
480 716 756 768 repugnante
785 717 917 768 atque
945 706 1105 762 invita,
1131 705 1333 751 nondum
1369 707 1582 768 sapienti,

126 778 131 781 ”
176 778 340 840 cupido
373 788 523 823 tamen
557 779 783 839 sapientiae
805 794 853 824 ea
879 794 1050 824 sumere
1066 814 1078 836 ,
1100 795 1201 840 quae
1221 778 1325 823 vitae
1347 779 1589 825 necessaria

176 851 441 897 confitemur
459 870 468 896 ε
495 859 572 895 aut
587 850 925 896 concedendum
948 859 1013 895 est
1025 851 1156 895 etiam
1178 851 1225 895 in
1242 850 1363 896 omni
1381 850 1587 912 sapientis

172 922 262 968 vita
284 937 380 967 eam
401 921 646 979 dominari,
666 938 770 967 cum
803 931 847 967 et
874 922 966 983 ipse
988 922 1158 983 sapiens
1180 922 1231 968 iis
1249 958 1260 979 ,
1286 939 1389 986 quae
1410 923 1586 985 corpori

174 995 415 1041 necessaria
437 1004 566 1052 sunt,
591 1011 684 1041 non
709 993 908 1056 indigere
930 1011 1022 1040 non
1043 995 1195 1056 possit.

236 1069 320 1112 ΙΙΙ.
356 1066 472 1112 Dicis
508 1082 636 1128 ergo,
662 1067 871 1128 inquam,
908 1066 1136 1113 fortunam
1169 1082 1261 1113 esse
1302 1067 1591 1113 necessariam

174 1137 373 1184 studioso
389 1138 616 1199 sapientiae
631 1173 644 1195 ,
668 1138 854 1200 sapienti
874 1154 979 1184 vero
1001 1154 1149 1198 negas.
1170 1141 1271 1186 Non
1288 1138 1344 1184 ab
1370 1155 1416 1184 re
1435 1147 1500 1184 est
1517 1155 1592 1185 ea-

174 1209 279 1256 dem
299 1219 522 1271 repetere,
545 1211 707 1273 inquit.
734 1213 891 1272 Itaque
913 1226 1035 1256 nunc
1072 1211 1206 1256 etiam
1228 1210 1305 1269 abs
1333 1219 1378 1256 te
1406 1227 1587 1273 quaero,

174 1291 326 1328 utrum
338 1282 566 1328 fortunam
579 1281 636 1327 ad
649 1282 846 1342 seipsam
863 1282 1238 1327 contemnendam
1255 1281 1424 1344 aliquid
1434 1285 1592 1345 juvare

174 1354 379 1399 aestimes.
392 1353 526 1408 Quod
547 1353 583 1399 si
605 1353 844 1410 arbitraris,
862 1352 962 1398 dico
983 1354 1209 1415 sapientiae
1231 1355 1448 1415 cupidum
1466 1371 1593 1417 mag-

170 1441 336 1487 nopere
371 1424 570 1486 indigere
617 1424 814 1471 fortuna.
849 1425 1055 1471 Arbitror
1070 1462 1081 1483 ‚
1115 1426 1298 1489 inquam
1315 1463 1327 1485 ,
1372 1427 1592 1490 siquidem

175 1514 255 1561 per
286 1498 410 1544 illam
438 1499 521 1545 erit
558 1498 682 1557 talis,
707 1499 849 1562 qualis
883 1515 981 1545 eam
1013 1500 1152 1562 possit
1174 1511 1483 1549 contemnere:
1508 1519 1592 1550 nec

176 1571 422 1618 absurdum
439 1581 519 1619 est.
537 1574 650 1620 Nam
663 1573 723 1618 sic
741 1573 874 1618 etiam
888 1573 1032 1635 parvis
1049 1574 1178 1621 nobis
1189 1575 1328 1621 ubera
1349 1577 1591 1623 necessaria

175 1653 302 1702 sunt,
327 1645 492 1707 quibus
514 1645 730 1702 efficitur,
748 1654 799 1690 ut
820 1645 914 1690 sine
930 1645 997 1690 his
1013 1655 1164 1707 postea
1185 1647 1356 1705 vivere,
1378 1665 1428 1695 ac
1444 1649 1591 1695 valere

176 1717 407 1778 possimus.
435 1718 705 1774 Sententias,
722 1717 804 1774 ait,
831 1727 1000 1763 nostras
1022 1719 1057 1763 si
1086 1719 1222 1764 animi
1245 1721 1477 1782 conceptio
1498 1737 1591 1768 non

178 1788 396 1846 dissonat,
414 1788 685 1834 concordare
699 1789 810 1833 mihi
826 1789 990 1850 liquet:
1011 1790 1096 1835 nisi
1113 1789 1228 1835 forte
1250 1791 1592 1839 discernendum

176 1861 387 1923 cuiquam
407 1859 587 1907 videtur
607 1860 732 1923 quod
754 1860 826 1907 vel
848 1860 1041 1907 fortunae
1057 1862 1129 1908 vel
1148 1863 1339 1909 uberum
1353 1901 1364 1921 ,
1385 1881 1476 1911 uon
1497 1866 1591 1928 ipsa

178 1934 316 1980 ubera
347 1949 425 1980 seu
457 1932 660 1990 fortuna,
686 1933 764 1979 sed
795 1931 879 1978 alia
902 1950 969 1979 res
992 1935 1203 1996 quaedam
1224 1952 1304 1982 nos
1325 1936 1458 1984 faciat
1480 1955 1590 1985 con-

178 2015 432 2067 temptores.
452 2004 572 2052 Nihil
593 2020 805 2064 magnum
820 2005 1111 2066 est,inquam,
1126 2006 1210 2052 alio
1222 2007 1352 2053 simili
1374 2010 1454 2054 uti,
1477 2013 1589 2058 Nam

178 2085 230 2122 ut
249 2077 341 2122 sine
378 2077 502 2132 navi,
530 2075 602 2121 vel
624 2075 825 2137 quolibet
850 2076 1078 2133 vehiculo,
1106 2087 1184 2123 aut
1206 2079 1411 2137 omnino,
1437 2098 1494 2128 116
1515 2084 1589 2131 vel

178 2148 324 2209 ipsum
345 2146 576 2193 Daedalum
598 2146 799 2203 timeam,
825 2147 917 2192 sine
948 2147 1050 2193 ullis
1073 2147 1129 2194 ad
1151 2149 1266 2195 hanc
1295 2167 1387 2197 rem
1409 2169 1587 2201 accom-

179 2218 369 2264 modatis
408 2218 709 2263 instrumentis
726 2253 737 2275 ,
779 2228 857 2263 aut
893 2218 1038 2280 aliqua
1077 2220 1318 2267 occultiore
1358 2227 1556 2284 potentia
1572 2264 1585 2285 ,

179 2293 370 2350 AEgeum
386 2305 507 2335 mare
521 2305 653 2336 nemo
667 2289 947 2347 transmittit,
970 2292 1168 2353 quamvis
1181 2292 1290 2337 nihil
1307 2293 1429 2341 aliud
1450 2314 1586 2359 quam

180 2362 410 2424 pervenire
445 2372 685 2424 proponat,
711 2362 835 2424 quod
864 2379 967 2408 cum
989 2364 1028 2408 ei
1050 2365 1273 2422 evenerit,
1299 2366 1372 2413 illa
1411 2372 1583 2431 omnia,

183 2435 346 2497 quibus
370 2434 578 2481 advectus
600 2445 686 2493 est,
711 2445 888 2498 paratus
916 2437 971 2482 sit
992 2437 1182 2498 abjicere
1214 2449 1347 2501 atque
1384 2454 1587 2492 contem-

183 2524 312 2554 nere:
337 2507 399 2553 ita
416 2508 612 2570 quisquis
629 2508 686 2555 ad
706 2509 932 2572 sapientiae
948 2519 1150 2571 portum,
1176 2521 1221 2557 ct
1243 2514 1368 2574 quasi
1396 2516 1588 2566 firmissi-

234 2615 242 2632 ¹
265 2620 277 2642 1
295 2610 442 2642 Rctract.
457 2618 529 2651 cap.
554 2620 583 2651 1,
603 2620 635 2641 n.
658 2620 686 2642 ι.

1326 2669 1364 2708 5.
