1888 3168
647 217 702 246 DE
735 215 889 244 MtSICA
925 215 1008 243 ΜΒ.
1046 216 1107 242 v1.
1508 199 1592 240 489

197 375 229 390 W
234 374 301 391 Um
306 372 588 391 Qmmmſtrtm
592 366 1305 389 UMBMNWWVWWWVVNW'WWMWWWW
1309 366 1520 384 utkuaxwtxw
1524 366 1593 383 ῑννν

695 506 914 557 CAPUT
960 504 1104 554 VIII.

225 643 441 693 Numeri
468 644 636 691 eoeten‘
648 640 963 707 judicialium
994 639 1216 687 examini
1233 636 1566 701 subjiciuntur.

257 784 359 827 XX.
398 784 483 828 SED
521 798 703 844 quoquo
728 781 862 827 modo
885 796 976 826 sese
998 779 1193 825 habeant
1213 778 1260 823 hi
1287 776 1461 821 numeri
1479 774 1604 836 judi-

201 852 346 910 ciales,
365 869 416 898 eo
439 864 556 899 certe
576 863 786 915 praestant
801 852 923 915 quod
937 851 1210 906 dubitamus,
1227 848 1299 895 vel
1311 846 1490 893 difficile
1504 862 1606 907 per-

201 927 466 985 vestigamus
485 935 637 971 utrum
650 924 855 971 mortales
870 925 972 970 sint.
994 927 1057 969 De
1070 923 1237 968 caeteris
1255 931 1402 967 autem
1416 929 1608 982 quatuor

201 998 436 1056 generibus
465 1014 547 1043 nec
576 998 762 1060 quaestio
791 1007 856 1042 est
888 997 998 1059 quin
1027 994 1232 1041 mortales
1261 994 1374 1052 sint,
1416 1007 1608 1054 quorum

203 1069 284 1114 etsi
316 1068 531 1130 quosdam
556 1085 647 1114 non
671 1067 1084 1129 comprehendunt,
1124 1066 1225 1128 quia
1265 1064 1379 1110 ultra
1413 1064 1609 1125 ipsorum

196 1141 299 1202 jura
321 1141 511 1201 porrecti
535 1150 655 1197 sunt,
680 1156 840 1200 genera
862 1149 1012 1184 tamen
1034 1140 1126 1200 ipsa
1147 1154 1226 1183 suo
1247 1136 1439 1182 examini
1460 1135 1609 1181 vindi-

205 1221 320 1258 cant.
349 1214 460 1258 Nam.
493 1221 538 1256 et
567 1210 632 1256 illi
660 1226 958 1272 progressores
989 1226 1091 1255 cum
1124 1209 1318 1271 aliquam
1350 1209 1395 1255 in
1428 1222 1611 1268 corpore

206 1299 486 1329 numerosam
515 1283 817 1344 operationem
839 1291 1070 1343 appetunt,
1097 1280 1262 1325 latente
1283 1279 1468 1325 istorum
1488 1278 1611 1340 judi-

207 1355 385 1401 cialium
402 1365 518 1400 nutu
538 1354 866 1400 modificantur.
889 1353 1020 1407 Quod
1045 1353 1162 1397 enim
1187 1368 1265 1397 nos
1282 1351 1351 1396 vel
1375 1350 1613 1395 ambulan-

206 1436 271 1471 tes
294 1427 349 1470 ab
373 1427 615 1486 imparibus
642 1425 858 1486 passibus,
883 1424 955 1470 vel
976 1424 1272 1484 percutientes
1296 1423 1352 1470 ab
1374 1421 1617 1480 imparibus

206 1497 447 1542 intervallis
469 1496 718 1557 plagarum,
744 1496 815 1541 vel
835 1495 1014 1540 edentes
1037 1494 1109 1538 vel
1131 1491 1334 1535 bibentes
1354 1491 1409 1534 ab
1433 1490 1616 1550 impari-

207 1569 291 1613 bus
313 1566 530 1612 malarum
556 1568 774 1621 motibus,
801 1567 1044 1625 scalpentes
1071 1562 1264 1623 denique
1295 1562 1351 1606 ab
1373 1562 1617 1621 imparibus

209 1640 428 1701 unguium
452 1638 677 1694 ductibus,
699 1647 742 1682 et
756 1653 812 1682 ne
823 1653 901 1698 per
924 1635 1085 1681 multas
1100 1634 1203 1680 alias
1227 1635 1503 1695 operationes
1516 1651 1619 1695 per-

211 1727 400 1767 curram,
429 1709 552 1772 quod
575 1725 654 1754 nos
686 1709 732 1753 in
760 1707 961 1771 qualibet
986 1707 1230 1752 attentione
1258 1704 1416 1765 agendi
1452 1705 1621 1767 aliquid

210 1800 290 1845 per
318 1783 512 1843 corporis
544 1782 744 1826 membra
774 1781 830 1825 ab
864 1779 1106 1840 imparibus
1136 1778 1331 1824 motibus
1357 1776 1549 1823 refrenat
1577 1787 1621 1823 et

212 1866 257 1902 et
284 1856 478 1911 cohibet,
516 1863 560 1899 et
581 1853 820 1915 quamdam
840 1852 1107 1913 parilitatem
1127 1852 1255 1896 tacite
1275 1850 1478 1911 imperat,
1501 1849 1620 1910 idip-

213 1944 310 1973 sum
325 1936 389 1972 est
408 1924 615 1988 judiciale
642 1926 789 1970 nescio
821 1923 946 1986 quid,
978 1922 1098 1985 quod
1123 1922 1400 1968 conditorem
1424 1921 1622 1966 animalis

214 2001 407 2045 insinuat
431 2002 598 2057 Deum,
621 2014 755 2059 quem
781 2007 898 2043 certe
925 1996 1052 2042 decet
1076 1996 1254 2041 credere
1278 2004 1505 2041 auctorem
1527 2010 1624 2040 om-

214 2072 281 2116 nis
305 2070 625 2116 convenientiae
646 2078 779 2130 atque
798 2067 1063 2114 concordiae.

230 2169 234 2172 »
275 2144 400 2186 XXI.
435 2144 494 2186 Et
512 2140 578 2186 illi
600 2155 851 2186 occursores
874 2139 1065 2195 numeri,
1091 2139 1168 2200 qui
1192 2148 1310 2184 certe
1333 2154 1425 2184 non
1446 2153 1527 2199 pro
1545 2153 1625 2183 suo

218 2222 350 2269 nutu,
375 2211 452 2258 sed
472 2228 553 2272 pro
576 2212 852 2272 passionibus
873 2211 1067 2271 corporis
1090 2220 1282 2270 aguntur
1299 2246 1310 2267 ,
1335 2211 1383 2254 in
1405 2219 1624 2271 quantum

192 2293 196 2297 ”
219 2299 373 2330 eorum
388 2283 618 2329 intervalla
641 2292 786 2343 potest
808 2283 1018 2327 memoria
1041 2282 1278 2338 custodire,
1304 2282 1351 2327 in
1369 2291 1544 2327 tantum
1558 2281 1625 2327 his

216 2355 500 2418 judicialibus
524 2354 755 2416 judicandi
780 2354 1030 2400 offeruntur
1059 2364 1192 2416 atque
1223 2353 1498 2415 judicantur.
1538 2356 1628 2399 Nu-

223 2443 370 2472 merus
407 2442 599 2488 namque
628 2427 710 2472 iste
744 2426 822 2487 qui
864 2424 1104 2471 intervallis
1147 2435 1399 2486 temporum
1426 2434 1624 2481 constat,

225 2499 307 2543 nisi
326 2498 584 2560 adjuvemur
595 2498 640 2543 in
651 2513 703 2543 eo
719 2496 947 2553 memoria,
963 2496 1151 2557 judicari
1170 2512 1192 2540 a
1215 2496 1342 2541 nobis
1360 2495 1484 2541 nullo
1496 2504 1627 2556 pacto

228 2580 386 2630 potest.
414 2569 667 2624 Quamlibet
690 2570 807 2615 enim
829 2569 971 2614 brevis
1000 2568 1184 2627 syllaba.
1210 2584 1312 2614 cum
1346 2578 1387 2612 ot
1422 2568 1624 2628 incipiat.
