1883 3194
283 202 338 242 42
718 213 751 239 s.
788 209 1023 240 AUGUSTINI
1054 210 1240 239 muscorr

280 279 527 325 studiorum
549 293 749 323 meorum
781 275 950 324 foveras
977 279 1071 340 jam
1090 276 1241 323 volare
1270 276 1475 322 audentis
1506 286 1678 331 susten-

280 351 378 397 tasti
401 349 668 397 rudimenta.
690 351 757 394 Tu
772 349 902 397 etiam
917 365 1019 395 cum
1031 357 1075 394 te
1092 348 1273 397 absente
1295 357 1430 411 atque
1449 348 1678 409 ignorante

281 422 552 482 navigassem
567 456 578 478 ,
603 419 712 465 nihil
735 436 993 470 succensens
1015 419 1139 482 quod
1160 436 1252 469 non
1272 428 1421 465 tecum
1436 419 1680 474 communi-

281 510 444 540 cassem
466 502 517 538 ut
529 491 731 548 solerem,
747 501 879 554 atque
894 491 1014 537 aliud
1026 491 1199 555 quidvis
1212 507 1348 553 quam
1359 490 1680 544 contumaciam

281 566 524 627 suspicans,
546 564 741 609 mansisti
763 564 1047 609 inconcussus
1064 563 1111 608 in
1124 562 1336 622 amicitia,
1354 578 1435 608 nec
1456 562 1557 624 plus
1579 571 1681 607 ante

282 637 432 683 oculos
451 646 550 681 tuos
570 634 698 680 liberi
719 634 878 680 deserti
895 650 919 680 a
940 635 1170 696 magistro,
1212 649 1347 696 quam
1372 643 1535 680 nostrae
1555 649 1681 679 men-

281 711 336 756 tis
361 706 601 770 penetralia
622 707 879 768 puritasque
900 716 1068 753 versata
1096 715 1175 751 est.

342 783 418 826 IV.
435 784 661 825 Postremo
674 778 895 840 quidquid
907 779 962 825 de
980 779 1069 824 otio
1086 794 1185 824 meo
1198 777 1331 823 modo
1348 778 1540 838 gaudeo,
1560 778 1682 840 quod

282 869 305 898 a
327 852 650 913 superfluarum
678 849 972 910 cupiditatum
1008 848 1196 895 vinculis
1224 848 1417 905 evolavi,
1449 848 1572 911 quod
1605 848 1684 893 de-

279 923 430 985 positis
452 922 659 973 oneribus
686 931 962 966 mortuarum
983 937 1210 977 curarum,
1238 921 1401 981 respiro
1416 956 1427 977 ,
1450 920 1680 982 resipisco,

282 994 413 1040 redeo
434 992 490 1038 ad
510 1009 604 1048 me,
632 992 754 1055 quod
776 1008 927 1054 quaero
949 992 1264 1038 intentissimus
1281 992 1535 1049 veritatem,
1561 990 1685 1053 quod

281 1066 478 1111 invenire
510 1065 602 1126 jam
633 1062 878 1124 ingredior,
919 1065 1043 1125 quod
1078 1079 1148 1109 me
1186 1065 1243 1109 ad
1277 1079 1502 1110 summum
1537 1063 1685 1124 ipsum

283 1137 468 1182 modum
488 1145 806 1197 perventurum
824 1150 914 1180 esse
932 1136 1131 1191 confido,
1151 1145 1202 1181 tu
1218 1135 1441 1194 animasti,
1466 1144 1518 1185 tu
1538 1134 1686 1197 impu-

283 1207 392 1265 listi,
416 1217 467 1253 tu
489 1206 646 1252 fecisti.
673 1207 809 1267 Cujus
853 1215 1001 1250 autem
1021 1205 1221 1251 minister
1241 1205 1399 1263 fueris,
1418 1205 1520 1267 plus
1542 1204 1688 1251 adhuc

284 1280 373 1325 fide
393 1279 598 1340 concepi,
625 1293 759 1340 quam
781 1277 950 1322 ratione
966 1276 1297 1339 comprehendi.
1321 1280 1434 1324 Nam
1448 1293 1551 1323 cum
1573 1294 1687 1339 prae-

284 1367 381 1397 sens
413 1349 621 1412 praesenti
652 1349 735 1392 tibi
767 1348 1060 1408 exposuissem
1101 1348 1328 1393 interiores
1368 1358 1515 1395 motus
1552 1349 1686 1394 animi

285 1423 394 1479 mei,
424 1421 798 1481 vehementerque
829 1433 879 1463 ac
902 1418 1058 1479 saepius
1084 1434 1317 1464 assererem
1333 1455 1345 1476 ,
1378 1418 1549 1465 nullam
1576 1419 1687 1465 mihi

285 1493 424 1541 videri
444 1507 699 1555 prosperam
715 1490 956 1546 fortunam,
972 1490 1055 1535 nisi
1072 1506 1174 1552 quae
1192 1491 1332 1536 otium
1346 1490 1687 1552 philosophandi

285 1565 431 1624 daret,
463 1562 632 1609 nullam
669 1562 844 1607 beatam
882 1560 1019 1607 vitam
1034 1595 1045 1616 ,
1089 1560 1171 1605 nisi
1207 1577 1295 1623 qua
1332 1561 1378 1613 in
1409 1562 1687 1623 philosophia

286 1639 507 1684 viveretur
531 1655 542 1681 :
562 1633 639 1680 sed
661 1649 732 1679 me
744 1642 868 1680 tanto
891 1648 1092 1679 meorum
1116 1648 1270 1690 onere,
1296 1649 1489 1695 quorum
1511 1649 1563 1679 ex
1584 1634 1686 1679 ossi-

285 1709 353 1755 010
375 1724 473 1754 meo
490 1707 579 1753 vita
599 1705 836 1768 penderet,
861 1704 1103 1766 multisque
1122 1704 1475 1762 necessitatibus,
1493 1704 1565 1751 vel
1586 1705 1687 1754 vani

286 1781 371 1826 mci
395 1778 596 1841 pudoris,
626 1776 697 1823 vel
714 1776 876 1837 ineptae
897 1792 1099 1822 meorum
1115 1776 1300 1821 miseriae
1326 1776 1537 1821 refrenari
1562 1796 1571 1822 :
1597 1785 1686 1822 tam

287 1867 448 1911 magno
462 1866 506 1895 es
525 1849 664 1895 elatus
679 1848 840 1909 gaudio
852 1884 863 1906 ,
886 1857 977 1893 tam
992 1857 1143 1893 sancto
1161 1848 1294 1909 hujus
1310 1847 1412 1894 vitae
1433 1848 1686 1893 inflamma-

289 1933 358 1968 tus
377 1921 532 1967 ardore
546 1957 556 1977 ,
582 1930 632 1965 ut
649 1929 690 1965 te
713 1920 901 1976 diceres,
928 1919 962 1965 si
985 1928 1036 1964 tu
1057 1919 1113 1964 ab
1134 1917 1311 1963 1113111111
1332 1919 1687 1980 importunarum

286 1993 431 2041 litium
452 1991 638 2039 vinculis
663 1991 812 2054 aliquo
835 1990 968 2037 modo
991 1990 1235 2035 eximereris
1250 2026 1261 2047 ‚
1293 1991 1440 2036 omnia
1469 2007 1567 2036 mea
1585 1992 1685 2037 vin-

288 2064 387 2112 cula
409 2065 543 2110 ctiam
570 2062 820 2126 patrimonii
854 2062 918 2108 tui
955 2078 1131 2108 mecum
1168 2063 1501 2125 participatione
1523 2073 1685 2126 ruptu-

291 2153 406 2182 rum.

348 2212 403 2255 V.
431 2211 586 2271 Itaque
606 2224 709 2253 cum
722 2207 900 2253 admoto
921 2208 1048 2253 nohis
1071 2207 1224 2253 fomite
1245 2206 1532 2268 discessisses,
1568 2224 1686 2254 nun-

289 2297 423 2344 quam
446 2280 705 2326 cessavimus
730 2279 947 2325 inhiantes
970 2279 1014 2324 in
1038 2279 1382 2341 philosophiam,
1412 2289 1544 2342 atque
1565 2280 1686 2325 illam

289 2353 441 2409 vitam,
456 2368 555 2413 quae
572 2352 685 2396 inter
704 2367 783 2396 nos
800 2350 967 2412 placuit
979 2360 1111 2413 atque
1133 2351 1353 2407 convenit,
1378 2367 1554 2412 prorsus
1577 2352 1687 2397 nihil

287 2424 407 2470 aliud
430 2423 620 2484 cogitare
645 2443 654 2469 ε
683 2432 815 2484 atque
846 2422 893 2468 id
929 2431 1178 2467 constanter
1210 2421 1414 2484 quidem,
1440 2422 1517 2468 sed
1542 2423 1686 2468 minus

289 2497 447 2542 acriter
469 2495 726 2555 agebamus,
760 2494 1027 2556 putabamus
1061 2503 1208 2539 tamen
1235 2494 1336 2539 satis
1365 2510 1444 2540 nos
1466 2510 1607 2554 agere.
1629 2497 1687 2540 Et

288 2567 499 2628 quoniam
538 2565 740 2612 nondum
761 2565 912 2611 aderat
944 2581 993 2611 ea
1021 2566 1196 2612 flamma
1211 2602 1223 2623 ,
1263 2582 1365 2628 quae
1404 2582 1572 2612 summa
1607 2581 1685 2611 nos
