1852 3163
664 185 791 212 LIBER
821 185 876 212 DE
909 182 1043 212 ΒΕΑΤΑ
1075 183 1191 214 vrrA.
1528 175 1612 214 127

214 248 357 306 venit,
383 248 551 294 etiamsi
572 249 686 295 bene
703 249 826 296 vivit.
853 253 951 297 Non
974 251 1106 310 igitur
1125 250 1321 312 quisquis
1336 250 1450 295 bene
1475 252 1584 297 vivit
1597 288 1608 308 ‚

217 324 360 366 Deum
380 322 531 367 habet.
553 322 678 377 Mihi,
716 322 875 383 inquit,
899 322 1075 368 videtur
1096 326 1236 368 Deum
1257 339 1385 368 nemo
1421 340 1510 369 non
1531 324 1614 369 ha-

215 392 336 449 bere,
357 393 434 438 sed
455 409 557 438 eum
574 394 651 454 qui
665 394 778 439 benc
797 394 921 450 vivit,
942 394 1076 439 habet
1094 393 1356 454 propitium,
1382 395 1458 455 qui
1479 395 1609 452 male,

213 462 439 509 infestum.
466 463 581 511 Male
598 465 746 524 igitur,
771 466 968 527 inquam,
994 465 1199 510 hesterno
1222 464 1294 509 die
1317 467 1609 511 concessimus

214 550 317 581 eum
328 535 509 581 beatum
525 551 631 594 esse,
653 537 731 598 qui
750 541 890 582 Deum
902 537 1052 582 habet.
1074 536 1300 598 Siquidem
1324 537 1464 582 omnis
1479 537 1613 582 homo

213 608 353 653 Deum
394 607 544 665 habet,
569 623 652 653 nec
673 617 823 655 tamen
852 608 992 655 omnis
1014 608 1149 654 homo
1186 608 1342 654 beatus
1363 617 1442 653 est.
1484 607 1613 654 Adde

213 694 334 740 ergo,
359 680 518 742 inquit,
548 681 808 743 propitium.

330 887 475 936 Is-ne
495 888 628 937 beati
647 900 718 938 ese
737 893 823 952 qui
841 891 1003 939 Deum
1030 889 1179 938 habet
1196 887 1504 953 propitiam?

270 1028 369 1071 XX.
398 1030 595 1086 SALTEM‚
617 1029 816 1091 inquam,
842 1031 928 1076 hoc
950 1030 1063 1075 inter
1084 1046 1162 1076 1103
1186 1030 1285 1074 satis
1306 1037 1481 1075 constat
1504 1044 1607 1073 eum

209 1097 390 1142 beatum
412 1114 502 1144 esse
525 1100 603 1161 qui
624 1101 761 1146 habet
783 1102 1024 1163 propitium
1045 1104 1207 1146 Deum?
1239 1100 1434 1156 Vellem⁷
1466 1100 1611 1161 inquit

207 1171 430 1230 Navigius,
456 1174 725 1220 consentire:
747 1174 823 1219 sed
844 1173 972 1218 illum
986 1189 1138 1219 vereor
1161 1173 1238 1235 qui
1261 1172 1406 1218 adhuc
1429 1172 1606 1233 quaerit,

207 1244 450 1302 praesertim
474 1260 530 1289 110
567 1245 806 1291 concludas
837 1246 1018 1290 beatum
1056 1262 1146 1290 esse
1168 1245 1499 1299 Academicum,
1532 1243 1609 1304 qui

208 1313 411 1361 hesterno
425 1333 625 1362 sermone
646 1317 817 1377 vulgari
839 1317 1020 1378 quidem
1048 1326 1091 1361 et
1112 1316 1225 1361 male
1248 1316 1401 1371 latino,
1428 1315 1506 1360 sed
1528 1330 1608 1375 ap-

207 1387 372 1432 tissimo
394 1404 512 1444 sane,
552 1399 603 1434 ut
625 1390 733 1433 mihi
764 1388 955 1444 videtur,
980 1388 1118 1433 verbo
1156 1388 1413 1433 caducarius
1459 1386 1604 1431 nomi-

205 1467 335 1503 natus
356 1469 435 1504 est.
462 1462 561 1506 Non
582 1461 701 1504 enim
731 1476 910 1521 possum
933 1460 1078 1505 dicere
1115 1459 1284 1504 homini
1306 1462 1451 1503 Deum
1479 1473 1606 1520 quae-

205 1530 319 1575 renti
335 1529 569 1577 adversum
583 1535 726 1577 Deum
743 1548 833 1578 esse
849 1552 858 1577 z
874 1531 997 1593 quod
1010 1532 1044 1576 31
1057 1531 1144 1576 (1101
1157 1530 1278 1576 nefas
1296 1539 1376 1587 est,
1390 1530 1606 1591 propitius

206 1602 304 1659 erit,
329 1612 373 1647 et
410 1605 489 1664 qui
525 1606 768 1665 propitium
798 1608 941 1648 Deum
972 1604 1124 1660 habet,
1149 1604 1304 1648 beatus
1342 1611 1421 1647 est.
1447 1605 1605 1647 Beatus

204 1688 307 1733 ergo
321 1676 404 1720 erit
419 1675 510 1732 ille,
530 1677 607 1738 qui
629 1677 802 1738 quaerit.
828 1676 979 1720 Omnis
1009 1685 1157 1720 autem
1178 1691 1377 1737 quaerens
1403 1674 1605 1720 nondum

203 1746 340 1792 habet
360 1747 482 1809 quod
498 1748 610 1794 vult.
634 1750 731 1794 Erit
753 1749 886 1807 igitur
913 1748 1068 1793 beatus
1100 1749 1235 1793 homo
1256 1748 1333 1809 qui
1363 1747 1486 1809 quod
1506 1746 1604 1792 vult

202 1836 294 1865 11011
309 1820 589 1882 habet,quod
606 1820 701 1865 heri
722 1821 849 1866 nobis
871 1821 1078 1870 omnibus
1104 1819 1337 1866 videbatur
1359 1818 1602 1864 absurdum

202 1891 323 1939 unde
343 1893 628 1939 credebamus
649 1894 1015 1940 Academicorum
1031 1893 1236 1938 tenebras
1272 1909 1363 1938 esse
1392 1891 1597 1937 dicussas.

202 1970 347 2022 Quare
362 1967 454 2028 jam
475 1967 531 2012 de
567 1966 695 2012 nobis
717 1967 938 2011 Licentius
965 1964 1274 2026 triumphabit,
1307 1964 1503 2025 mihique
1526 1963 1601 2008 illa

201 2055 302 2100 quae
319 2047 473 2084 contra
488 2036 790 2084 valetudinem
806 2053 951 2082 meam
976 2028 1140 2082 temere
1163 2037 1326 2097 accepi,
1350 2036 1427 2081 has
1449 2035 1505 2082 de
1530 2051 1601 2080 me

200 2127 355 2172 poenas
371 2111 555 2172 exigere,
574 2109 700 2174 quasi
720 2109 916 2172 prudens
937 2109 1134 2156 medicus
1156 2108 1426 2155 admonebit.

561 2331 727 2394 qujzcs
746 2333 1023 2392 quaestionis
1049 2330 1237 2377 solutio.

259 2459 383 2504 XXI.
410 2459 491 2503 Hm
507 2458 758 2503 cum'etiam
771 2467 911 2503 mater
932 2458 1165 2503 arrisisset:
1183 2459 1293 2515 Ego,
1319 2455 1464 2517 inquit
1483 2457 1595 2513 Try-

200 2530 358 2591 geum,
381 2544 473 2578 non
488 2529 684 2579 concedo
701 2530 916 2579 continuo
936 2534 1073 2575 Deum
1096 2526 1314 2574 adversari
1329 2526 1402 2572 cui
1427 2541 1518 2572 non
1539 2525 1595 2571 sit
