1888 3168
313 155 398 194 586
923 169 1071 195 mnnx.

335 236 410 266 CAr.
430 245 462 264 n.
490 233 570 271 Quid
587 232 711 265 intersit
726 234 806 265 inter
820 244 948 267 versum
964 240 999 267 et
1014 240 1163 269 metrum.
1208 222 1214 227 ⁴
1635 244 1700 276 386

413 298 459 320 111.
486 288 637 330 Rhytlnni
651 299 689 320 ex
701 288 899 331 pyrrhichiis,
1634 299 1697 330 339

418 354 462 375 ιν.
489 343 665 385 Ithythmus
678 344 857 377 continuus.
1635 354 1697 385 391

428 411 457 431 v.
485 402 533 432 An
553 401 616 432 sint
635 401 732 443 pedes
749 412 842 445 supra
858 402 989 446 syllabas
1003 407 1149 447 quatuor.
1634 411 1700 443 394

410 467 454 489 vi.
482 457 583 489 Pedes
599 462 734 500 quatuor
750 459 876 501 syllabis
893 459 1049 503 longiores
1062 460 1244 504 rhythmum
1262 472 1317 495 suo
1331 462 1459 497 nomine
1476 462 1586 498 facere

506 519 679 556 nequeunt.
1635 523 1698 555 397

374 573 378 576 ”
402 580 456 601 vn.
484 574 530 604 De
547 575 651 604 metro
668 571 781 614 quibus
799 576 832 605 et
845 577 922 616 quot
935 572 1098 606 minimum
1116 574 1332 608 constituatur
1348 575 1498 619 pedibus.
1613 571 1615 574 ¹
1632 580 1696 612 399

388 637 457 659 viu.
483 627 615 660 Silentia
629 628 662 660 in
682 629 791 662 metris
808 634 925 672 quanta
941 630 1088 663 adhiberi
1112 636 1255 675 oportet.
1282 649 1325 655 —
1343 634 1482 667 Metrum
1499 634 1584 678 quod

506 682 644 716 dicatur.
1633 691 1696 723 401

416 748 460 770 ix.
486 740 569 777 Quot
585 739 626 772 ad
641 749 798 773 summum
823 740 1019 783 temporibus
1042 752 1080 775 ac
1107 743 1241 786 pedibus
1266 749 1406 779 metrum
1437 751 1588 781 constare

506 796 615 839 possit.
1634 804 1699 837 403

669 1006 925 1045 Continuatur
942 1009 1113 1046 tractatio
1138 1010 1185 1047 de
1201 1010 1341 1048 Metro.

335 1105 410 1136 CM».
434 1116 456 1136 1.
484 1104 599 1137 Ultima
616 1104 734 1148 syllaba
750 1118 849 1149 quare
863 1107 1050 1140 indifferens
1066 1109 1098 1142 in
1117 1113 1233 1141 metro.
1635 1110 1702 1143 406

428 1173 462 1194 11.
489 1163 573 1200 Quot
600 1162 728 1205 syllabis
753 1163 917 1197 minimum
940 1166 1158 1198 constituatur
1176 1165 1400 1209 pyrrhichium
1422 1169 1560 1199 metrum
1579 1178 1586 1198 ε

506 1218 646 1260 quandiu
662 1231 788 1263 quoque
805 1221 972 1255 silendum.
1522 1252 1530 1260 .
1635 1224 1700 1255 407

418 1284 464 1305 111.
488 1274 747 1316 Pyrrhichiorum
761 1282 936 1311 metrorum
949 1278 1027 1311 ordo
1046 1283 1079 1312 et
1096 1290 1258 1313 numerus.
1635 1281 1702 1312 410

418 1339 459 1361 iv.
487 1332 533 1362 De
557 1335 661 1363 metro
678 1331 828 1366 iambico.
1635 1335 1701 1367 4¹2

430 1396 461 1417 v.
487 1388 533 1418 De
546 1392 652 1420 metro
667 1389 847 1423 trochaico.
1635 1393 1701 1424 413

411 1452 455 1472 vr.
482 1444 528 1472 De
545 1448 653 1476 metro
670 1445 855 1485 spondiaco.
1635 1449 1703 1479 4¹4

401 1506 453 1527 vn.
481 1496 646 1529 Tribraehj
661 1502 764 1531 metra
781 1506 859 1542 quot
874 1502 948 1532 sint.
1609 1499 1612 1502 ’
1637 1504 1703 1535 415

387 1563 458 1585 v111.
486 1554 533 1585 De
553 1554 695 1597 dactylo.
1638 1561 1703 1591 417

418 1622 462 1645 ix,
488 1614 536 1644 De
555 1612 706 1644 Bacchio.
1637 1616 1704 1647 418

432 1680 463 1700 x.
490 1669 587 1702 Pleno
605 1669 679 1712 pedi
696 1670 772 1712 quid
793 1670 928 1703 adflatui·
946 1674 1021 1702 ante
1041 1669 1217 1703 silentium.
1638 1672 1704 1703 419

420 1737 462 1758 xr.
490 1726 617 1759 Iambus
631 1731 704 1769 post
720 1726 896 1759 diehiorum
914 1727 998 1759 male
1015 1727 1155 1770 ponitur.
1395 1749 1409 1753 -
1639 1728 1703 1758 421

405 1792 459 1813 xu.
488 1783 615 1815 Summa
632 1783 773 1815 omnium
797 1788 987 1815 metrorum.
1638 1784 1704 1816 423

392 1849 458 1870 xm.
485 1839 583 1871 Ratio
600 1840 754 1873 metiendi
769 1845 871 1872 metra
888 1845 922 1872 et
945 1839 1069 1873 silentia
1086 1839 1332 1882 interponendi.
1638 1840 1703 1872 426

392 1909 455 1929 xiv.
483 1899 685 1942 Persequitur
702 1899 859 1931 rationem
876 1897 1047 1929 adhibendi
1064 1898 1190 1931 silentia
1213 1898 1245 1931 in
1263 1897 1432 1931 metiendis
1458 1898 1585 1931 metris.
1637 1901 1704 1932 428

405 1967 458 1987 xv.
485 1957 567 1988 Item
584 1956 624 1988 de
641 1956 767 1988 silentio
785 1956 815 1988 in
832 1955 942 1988 metris
964 1955 1209 1998 interponendo.
1638 1958 1702 1988 431

398 2023 462 2043 xvi.
490 2014 536 2044 De
555 2012 673 2054 pedum
693 2011 920 2044 commixtione
942 2015 976 2044 et
997 2011 1038 2044 de
1059 2015 1237 2045 metrorum
1263 2011 1479 2054 copulatione.
1639 2013 1704 2044 435

382 2079 459 2101 xvn.
484 2071 531 2102 De
544 2073 720 2103 metrorum
736 2068 954 2112 copulatione.
1638 2069 1703 2100 439

714 2264 760 2300 In
776 2275 851 2311 quo
869 2264 917 2302 de
935 2276 1053 2304 versu
1072 2264 1293 2301 disseritur.
1326 2267 1330 2271 ’

339 2364 412 2395 Cu».
439 2373 461 2394 1.
488 2360 652 2400 Quomodo
666 2359 820 2392 disserant
834 2359 1018 2403 rhytmum,
1037 2364 1175 2392 metrum
1194 2363 1228 2391 et
1239 2368 1365 2392 versus.
1637 2361 1704 2392 442

426 2429 459 2449 ιι.
486 2419 588 2449 Metra
603 2416 637 2448 in
653 2417 728 2448 duas
744 2420 852 2459 partes
867 2415 1034 2450 divisibilia
1051 2415 1177 2450 caeteris
1192 2417 1358 2459 praestant.
1637 2418 1702 2447 443

415 2486 461 2506 111.
487 2476 603 2506 versus
623 2474 707 2505 unde
726 2473 841 2505 dictus.
1636 2474 1704 2504 444

414 2543 458 2564 iv.
485 2531 648 2564 Terminus
666 2541 815 2564 versuum
832 2530 950 2564 varius.
1639 2526 1702 2563 446
