1852 3163
707 146 762 174 DE
797 146 957 174 omnim
991 147 1074 173 Lm.
1111 147 1159 173 11.
1557 136 1641 174 209

234 211 336 256 dam
359 210 543 272 simplex
564 226 718 256 verum
736 221 996 273 certumque
1021 210 1257 270 redegerit,
1283 211 1445 256 cruditi
1464 211 1645 256 nomine

233 282 535 343 dignissimus,
560 300 651 329 non
676 293 841 329 temere
860 285 951 346 jam
972 284 1131 345 quaerit
1154 283 1227 328 illa
1250 284 1418 341 divina,
1446 301 1536 330 non
1553 286 1646 346 jani

231 354 451 401 credenda
468 356 610 401 solum
623 392 633 412 ,
661 357 952 402 verumetiam
969 355 1309 417 contemplanda
1325 392 1336 412 ,
1354 356 1642 416 intelligenda

234 436 366 489 atque
396 427 641 473 retinenda.
668 428 878 490 Quisquis
909 437 1058 474 autem
1085 427 1157 472 vel
1180 427 1325 473 adhuc
1348 444 1495 473 servus
1513 429 1640 489 cupi-
1674 459 1676 461 »

232 498 438 555 ditatum,
453 509 497 544 et
510 499 682 544 inhians
695 500 826 545 rebus
841 500 1129 561 pereuntibus
1142 516 1154 552 3
1168 498 1239 545 vel
1252 500 1345 561 jam
1359 499 1438 545 ista
1452 498 1642 559 fugiens,

232 580 437 631 casteque
460 571 633 628 vivens,
656 572 852 617 nesciens
865 581 1013 617 tamen
1026 570 1136 633 quid
1152 571 1206 617 sit
1219 571 1352 628 nihil,
1379 571 1488 633 quid
1506 572 1647 617 infor-

231 643 311 687 mis
333 643 514 687 materia
528 678 539 699 ,
564 643 674 704 quid
693 643 935 689 formatum
957 644 1180 700 exanime,
1211 643 1321 705 quid
1338 660 1518 704 corpus,
1535 643 1647 706 quid

230 715 392 775 species
410 715 677 776 incorpore,
696 716 807 778 quid
829 716 975 773 locus,
993 715 1103 778 quid
1123 725 1293 777 tempus
1308 751 1320 773 ,
1342 715 1451 777 quid
1466 716 1511 760 111
1524 715 1639 772 loco,

232 785 342 847 quid
359 786 404 831 in
428 777 653 848 tempore,
680 787 790 849 quid
808 797 953 834 motus
969 788 1214 834 secundum
1228 787 1377 833 10011111
1386 825 1401 845 ,
1423 787 1533 850 quid
1550 804 1647 834 mo-

232 867 302 903 tus
324 874 415 904 11011
437 858 684 904 secundum
718 859 891 916 locum,
916 860 1026 921 quid
1057 859 1226 905 stabilis
1255 869 1422 916 motus,
1449 858 1560 921 quid
1593 859 1648 905 sit

231 946 405 982 aevum3
431 930 540 991 quid
564 930 618 976 sit
642 947 723 976 nec
748 931 793 976 in
814 932 914 978 1000
944 948 1062 988 esse,
1092 947 1174 976 nec
1198 948 1444 993 nusquam3
1472 941 1516 976 et
1537 930 1648 993 quid

236 1002 293 1047 sit
336 1011 497 1062 praeter
538 1011 713 1063 tempus
729 1037 740 1059 ,
784 1012 827 1048 ct
871 1019 1044 1064 semper
1064 1038 1076 1060 ,
1112 1003 1221 1066 quid
1254 1004 1308 1049 sit
1339 1013 1383 1048 01
1425 1018 1645 1065 nusquam

231 1090 348 1131 esse,
375 1084 420 1120 et
457 1091 679 1136 nusquam
708 1092 799 1121 non
830 1092 942 1132 esse,
980 1086 1023 1121 ct
1051 1093 1283 1138 nunquam
1306 1093 1418 1133 csse,
1449 1087 1492 1122 ct
1525 1093 1644 1122 nun-

230 1162 367 1208 quam
388 1163 480 1192 non
508 1163 614 1192 esse.
660 1147 868 1209 Quisquis
913 1164 1015 1208 ergo
1048 1149 1129 1193 ista
1172 1150 1389 1205 nesciens,
1416 1165 1509 1194 non
1544 1149 1644 1195 dico

245 1217 301 1263 de
319 1235 492 1264 summo
517 1218 594 1264 1110
619 1223 710 1266 Deo
727 1255 738 1276 ,
764 1221 841 1281 qui
864 1220 999 1266 scitur
1023 1221 1179 1265 melius
1208 1221 1466 1277 nesciendo,
1488 1221 1565 1266 sed
1594 1221 1650 1267 de

226 1290 369 1335 anima
393 1291 485 1351 ipsa
509 1308 586 1336 sua
631 1308 831 1352 quaerere
856 1308 904 1336 ac
935 1291 1162 1352 disputare
1201 1281 1424 1349 voluerit,
1470 1303 1647 1339 tantum

225 1364 419 1420 errabit,
443 1373 662 1425 quantum
687 1364 820 1408 errari
843 1363 1085 1424 plurimum
1108 1374 1276 1425 potest:
1296 1364 1471 1410 facilius
1495 1375 1645 1411 autem

226 1445 463 1496 cognoscet
490 1436 570 1481 ista
587 1472 597 1492 ,
624 1436 701 1497 qui
726 1452 933 1482 numeros
952 1437 1166 1497 simplices
1184 1447 1318 1499 atque
1341 1438 1642 1499 intelligibiles

226 1507 628 1569 comprehenderit.
643 1512 778 1554 Porro
794 1509 897 1555 istos
916 1510 1284 1571 comprehendet,
1305 1512 1441 1573 quiet
1462 1512 1638 1572 ingenio

226 1581 375 1627 valens
409 1591 452 1627 et
474 1581 704 1642 privilegio
723 1583 890 1639 aetatis,
923 1592 1000 1628 aut
1022 1583 1261 1645 cujuslibet
1286 1582 1504 1630 felicitatis
1527 1586 1642 1631 otio-

227 1670 321 1710 sus,
348 1662 391 1698 et
408 1653 554 1699 studio
576 1654 862 1699 vehementer
883 1654 1110 1712 incensus,
1129 1666 1423 1701 memoratum
1441 1657 1638 1719 discipli-

228 1743 384 1772 narum
424 1726 650 1779 ordinem,
690 1735 910 1787 quantum
942 1728 1044 1773 satis
1082 1737 1169 1784 est,
1202 1727 1335 1773 fuerit
1365 1739 1636 1789 persecutus.

226 1802 340 1845 Cum
358 1799 475 1844 cuim
487 1808 598 1843 artes
612 1797 698 1843 illae
713 1814 863 1844 omnes
881 1798 1104 1856 liberales,
1126 1801 1286 1860 partim
1301 1800 1354 1845 ad
1370 1817 1497 1846 usum
1517 1803 1634 1859 vitte,

227 1871 387 1933 partim
410 1870 466 1916 ad
504 1871 799 1930 cognitionem
828 1887 974 1916 rerum
1012 1872 1522 1935 contemplationemque
1545 1875 1637 1921 dis-

227 1952 405 1998 cantur,
431 1958 562 1987 usum
583 1958 735 1987 earum
756 1944 927 2004 assequi
954 1942 1269 1989 difficillimum
1291 1954 1351 1989 est
1367 1980 1377 2001 ,
1395 1945 1477 1990 nisi
1499 1947 1538 1990 ei
1560 1948 1638 2008 qui

228 2016 284 2060 ab
307 2016 399 2076 ipsa
415 2014 604 2076 pucritia
627 2015 1020 2075 ingeniosissimus,
1041 2016 1354 2062 instantissime
1367 2027 1499 2080 atque
1513 2035 1636 2067 cons-

233 2086 472 2133 tantissime
494 2102 675 2147 operam
697 2085 884 2132 dederit.

451 2591 575 2621 evin.
1402 2585 1450 2624 1⁴2
