1883 3194
475 193 639 223 CONTRA
672 191 933 222 Acimmucos
964 192 1090 222 Lmssa
1124 194 1188 221 111.
1475 183 1532 222 77

137 268 283 306 autem
306 274 387 305 nos
413 260 576 306 debere
595 259 764 322 aliquid
785 269 911 326 puto,
933 259 1340 316 id‚est‚ve1·itaien1.
1363 263 1426 305 De
1446 277 1534 323 quo

137 347 210 376 cos
232 331 414 377 consulo
437 341 588 377 utrum
609 340 789 392 negent,
810 329 856 376 id
877 339 957 383 est,
978 339 1130 375 utrum
1152 329 1210 374 eis
1228 330 1400 390 placeat
1422 331 1536 375 veri-

140 403 219 448 tati
252 403 580 449 assentiendum
610 419 703 449 non
726 419 834 448 esse.
869 405 1106 464 Nunquam
1132 403 1218 447 hoc
1250 401 1424 458 dicent,
1454 402 1532 448 sed

139 491 236 520 cam
257 490 350 520 non
373 474 561 520 inveniri
594 475 920 520 asseverabunt.
952 477 1068 533 Ergo
1090 482 1134 518 et
1153 474 1224 518 hic
1247 489 1298 517 ex
1320 473 1535 519 nonnulla

138 556 260 609 parte
281 546 450 593 socium
481 561 554 592 me
586 555 764 604 tenent,
796 545 919 609 quod
951 546 1150 607 utrisque
1172 561 1265 590 non
1307 543 1531 606 displicet,

139 628 271 680 atque
289 617 398 664 adeo
416 618 658 664 necessario
676 617 837 679 placet,
851 616 1218 663 consentiendum
1239 631 1329 661 esse
1345 615 1533 661 veritati.

140 690 228 737 Sed
248 691 344 752 quis
370 706 467 736 eam
488 689 809 736 demonstrabit
825 725 836 746 ,
857 689 1096 751 inquiunt?
1120 687 1207 733 Ubi
1228 703 1309 747 ego
1332 704 1434 733 cum
1455 687 1540 732 illis

138 777 230 808 non
259 762 425 808 curabo
450 771 642 808 certare:
672 760 772 807 satis
803 760 913 806 mihi
947 770 1012 807 est
1039 758 1161 822 quod
1187 760 1280 820 jam
1307 758 1539 820 probabile

138 850 230 881 non
252 843 339 891 est,
364 833 478 879 nihil
495 833 603 880 scire
624 833 883 894 sapientem,
904 848 960 877 ne
982 848 1076 877 rem
1099 830 1453 877 absurdissimam
1467 830 1538 875 di-

138 922 235 952 cere
257 914 488 967 cogantur,
514 914 592 952 aut
613 904 726 951 nihil
754 919 845 951 esse
862 903 1120 966 sapientiam
1136 939 1148 961 ,
1174 912 1251 950 aut
1278 902 1537 964 sapientiam

138 977 304 1024 nescire
324 977 581 1039 sapientem.

138 1124 1071 1145 MKOEUMSWMMWMMWURMAWMMNWRWS
1077 1122 1359 1141 mmmm
1364 1122 1541 1140 §GMQAM'W

663 1262 884 1314 CAPUT
924 1264 1012 1311 VI.

313 1411 370 1460 V
368 1413 593 1459 caritatem
616 1412 713 1458 nisi
731 1409 897 1458 divina
928 1424 1020 1472 ope
1047 1424 1146 1456 non
1165 1409 1368 1471 percipi.

197 1551 325 1595 XIII.
352 1552 460 1604 Qms
474 1558 621 1595 autem
633 1563 788 1596 verum
800 1547 935 1608 possit
953 1545 1200 1604 ostendere,
1222 1546 1299 1591 abs
1312 1554 1372 1602 te,
1389 1544 1539 1606 Alypi,

138 1622 309 1668 dictum
323 1630 402 1677 est,
429 1638 454 1666 a
473 1638 562 1682 quo
585 1636 641 1665 ne
657 1619 908 1665 dissentiam
930 1633 1196 1679 magnopere
1214 1617 1323 1662 mihi
1335 1617 1545 1663 laboran-

139 1694 248 1740 dum
271 1702 350 1738 est.
371 1693 550 1738 Etenim
574 1707 741 1736 numen
756 1689 939 1752 aliquod
959 1691 1054 1735 aisti
1079 1689 1221 1735 solum
1244 1705 1370 1750 posse
1393 1698 1549 1737 osten-.

138 1766 242 1811 dere
264 1764 434 1810 homini
467 1763 578 1824 quid
619 1763 674 1807 sit
706 1778 882 1819 verum,
916 1777 1019 1807 cum
1040 1762 1254 1818 breviter,
1282 1770 1379 1806 tum
1409 1761 1545 1806 etiam

137 1838 222 1899 pie.
248 1835 366 1882 Nihil
388 1836 537 1896 itaque
559 1834 605 1879 111
621 1835 707 1879 1100
739 1849 940 1879 sermone
967 1842 1117 1879 nostro
1141 1832 1352 1878 libentius
1375 1832 1540 1890 audivi,

137 1908 250 1954 nihil
272 1908 460 1968 gravius,
480 1906 592 1951 nihil
605 1905 894 1967 probabilius,
920 1915 964 1951 et
984 1906 1018 1951 si
1038 1904 1084 1950 id
1107 1921 1274 1950 numen
1295 1915 1347 1950 ut
1367 1905 1544 1951 confido

139 1980 268 2036 adsit,
292 1978 406 2023 nihil
419 1978 580 2023 verius.
605 1980 716 2023 Nam
729 1985 773 2022 et
795 1980 978 2022 Proteus
994 1975 1069 2021 ille
1081 1986 1247 2038 quanta
1269 1977 1346 2022 abs
1366 1986 1406 2022 te
1423 1993 1547 2022 111011-

139 2053 194 2099 tis
216 2050 448 2097 altitudine
471 2058 856 2106 commemoratus,
885 2058 1051 2110 quanta
1079 2049 1325 2095 intentione
1357 2049 1403 2094 in
1425 2050 1544 2110 opti-

140 2139 265 2170 mum
285 2121 577 2184 philosophiae
600 2123 767 2181 genus?
791 2124 976 2166 Proteus
1001 2120 1118 2165 enim
1141 2119 1232 2177 ille,
1262 2130 1313 2166 ut
1333 2136 1411 2166 vos
1433 2121 1544 2166 ado-

140 2196 352 2242 lescentes
370 2210 458 2239 non
477 2193 654 2254 penitus
673 2195 825 2253 poetas
844 2207 869 2238 a
898 2190 1175 2252 philosophia
1196 2191 1544 2238 contemnendos

142 2282 233 2314 esse
255 2266 456 2323 videatis,
487 2266 533 2310 in
556 2264 793 2325 imaginem
811 2263 1013 2310 veritatis
1044 2263 1285 2310 inducitur.
1313 2264 1541 2320 Veritatis,

142 2343 325 2403 inquam
341 2375 352 2396 ,
372 2343 557 2385 Proteus
579 2338 628 2383 in
649 2336 917 2383 carminibus
939 2345 1130 2382 ostentat
1150 2337 1423 2399 sustinetque
1443 2353 1546 2398 per-

142 2428 296 2461 sonam
313 2447 325 2468 ,
347 2427 482 2473 quam
503 2410 708 2457 obtinere
730 2423 861 2455 nemo
877 2418 1045 2470 potest,
1070 2409 1105 2454 si
1131 2407 1250 2454 falsis
1279 2408 1544 2468 imaginibus

142 2486 352 2547 deceptus
386 2482 791 2545 comprehensionis
824 2481 966 2528 nodos
990 2481 1063 2528 vel
1088 2480 1299 2527 laxaverit
1320 2480 1390 2527 vel
1411 2481 1544 2526 dimi-

143 2558 260 2605 serit.
292 2558 404 2604 Sunt
423 2555 541 2603 enim
565 2555 658 2604 istae
682 2553 910 2616 imagines,
936 2569 1036 2616 quae
1057 2553 1377 2600 consuetudine
1398 2567 1544 2599 rerum
