1888 3168
285 196 368 234 412
715 208 748 233 5.
785 204 1017 234 ΑυουεΤΙΝι
1050 206 1232 234 EPISCOPI

284 276 333 315 D.
360 273 469 315 Octo
502 271 631 331 pedes
654 272 745 332 jam
774 281 935 316 restare
963 272 1113 328 video,
1145 281 1195 317 ut
1220 274 1310 333 jam
1338 272 1439 318 istas
1467 275 1670 319 minutias

282 342 530 387 evadamus,
547 345 808 404 Quanquam
827 344 941 387 enim
961 343 1205 403 approbent
1219 359 1340 388 aures
1358 344 1544 389 naturali
1565 362 1673 406 qua-

283 413 383 457 dam
413 413 685 458 dimensione
712 413 832 475 quod
856 430 1002 470 sonas,
1029 414 1164 459 nolim
1193 424 1235 459 te
1262 424 1409 460 tamen
1435 425 1500 460 tot
1522 416 1673 461 breves

282 483 467 542 syllabas
498 500 720 545 quaerere,
744 501 875 546 quas,
903 486 948 529 ni
972 485 1121 542 fallor,
1155 495 1376 531 contextas
1408 486 1602 531 invenire
1629 487 1673 530 in

283 541 592 616 conjunctione
613 558 848 602 verborum
867 557 1087 602 difficilius
1110 566 1194 613 est,
1215 574 1345 618 quam
1368 557 1401 602 si
1423 558 1481 602 eis
1498 558 1675 602 miscere

281 626 429 685 longas
453 626 616 673 liceret.
643 632 703 672 M.
731 626 847 673 Nihil
864 637 905 671 te
929 627 1063 683 fallit,
1089 638 1132 672 et
1149 637 1198 672 ut
1221 629 1300 672 tihi
1314 629 1498 688 probem
1522 637 1674 687 gratu-

280 697 487 743 lationem
502 714 641 743 meam
659 734 668 754 ,
686 698 807 759 quod
820 699 921 742 hinc
939 697 1174 759 aliquando
1187 699 1370 743 transire
1387 699 1670 759 permittitur,

281 779 469 813 metrum
487 769 607 830 quod
630 778 759 813 restat
780 770 909 830 hujus
932 770 1099 828 generis
1117 770 1330 815 sententia
1343 768 1537 815 faciliore
1552 786 1675 815 com-

284 855 460 900 ponam.

339 921 509 968 Solicla
555 921 683 967 bona
708 921 858 968 bonus
881 932 1040 980 amat,
1075 933 1121 968 ec
1143 939 1201 968 ea
1225 925 1308 983 qui
1326 932 1486 979 canat,
1512 920 1672 967 habet.

339 994 370 1038 I
373 1004 516 1054 laque
536 1010 625 1039 nee
649 1004 754 1056 eget
786 1010 946 1052 amor,
972 1005 1017 1039 et
1036 1010 1095 1040 ecc
1115 993 1241 1040 bona.
1262 994 1396 1040 Deus
1426 1003 1510 1039 est.

279 1078 330 1121 D.
368 1077 519 1121 Habeo
557 1076 892 1121 cumulatissime
929 1076 1120 1137 perfecta
1154 1086 1292 1122 metra
1315 1075 1574 1137 pyrrhichii.
1599 1077 1676 1120 Se-

277 1157 475 1208 quuntur
498 1147 682 1192 iambica
697 1183 708 1199 ,
735 1148 790 1192 de
812 1148 974 1209 quibus
995 1149 1102 1193 mihi
1131 1148 1309 1208 singulis
1339 1148 1442 1192 bina
1475 1146 1677 1208 exempla

280 1219 526 1276 sufiiciunt,
553 1235 653 1281 quae
671 1219 792 1265 11111111
804 1220 1154 1282 interpellatione
1177 1220 1327 1266 audire
1352 1219 1555 1265 delectat.

279 1364 317 1380 Μ
325 1365 391 1381 151OE
396 1366 961 1383 IMUMMWWWUMWWUMNMNU
964 1367 1103 1383 {mmm
1108 1366 1319 1383 “AA‘USM'QVUW
1322 1365 1533 1382 MMOEW'UVW
1539 1362 1679 1381 wusvww

805 1476 1025 1525 CAPUT
1063 1478 1148 1524 IV.

712 1612 790 1657 De
821 1619 972 1657 metro
1004 1609 1229 1656 iambico.

337 1739 391 1781 V.
418 1739 478 1781 M.
501 1738 659 1781 GEnAM
682 1736 763 1781 tibi
786 1752 967 1781 morem.
993 1735 1078 1781 Sed
1099 1736 1178 1781 ista
1201 1751 1302 1797 quae
1317 1736 1410 1795 jam
1430 1735 1680 1796 peregimus

278 1817 388 1870 quot
409 1809 536 1852 sunt?
558 1811 609 1852 D.
628 1807 987 1861 Quatuordecim.
1005 1810 1066 1852 M.
1093 1810 1212 1861 Quot
1233 1808 1363 1851 etiam
1381 1807 1566 1852 iambica
1585 1805 1680 1851 fore

277 1879 440 1923 credis?
463 1882 513 1923 D.
540 1881 684 1938 AEque
705 1877 1051 1939 quatuordecim.
1073 1881 1134 1923 M.
1161 1877 1279 1932 Quid
1311 1877 1345 1921 si
1378 1877 1424 1921 in
1458 1877 1520 1921 eis
1542 1876 1681 1922 velim

278 1966 357 2010 pro
379 1949 526 1993 iambo
548 1948 821 1993 tribrachum
844 1964 1007 2008 ponere
1020 1984 1030 2004 7
1047 1964 1195 1993 nonne
1208 1947 1523 1993 multiformior
1540 1948 1680 1992 varie-

280 2030 342 2065 tas
364 2021 469 2064 crit?
493 2023 542 2064 D.
565 2018 847 2064 Manifestum
865 2028 930 2064 est
950 2019 1156 2080 quidem:
1180 2017 1256 2063 sed
1276 2033 1354 2077 ego
1377 2017 1574 2078 exempla
1596 2018 1677 2063 ista

280 2091 324 2134 in
337 2091 436 2135 solis
455 2089 608 2134 iambis
622 2089 772 2134 audire
788 2090 939 2150 cupio,
955 2105 1010 2133 ne
1021 2089 1205 2148 longum
1220 2087 1429 2134 faciamus
1448 2108 1456 2134 :
1472 2103 1553 2148 pro
1570 2105 1680 2150 qua-

278 2163 341 2207 vis
359 2163 475 2207 enim
496 2161 628 2221 long'a
651 2161 818 2219 syllaba
841 2160 948 2206 duas
966 2161 1119 2206 breves
1138 2176 1263 2221 posse
1284 2161 1388 2220 poni
1402 2196 1412 2216 7
1434 2159 1571 2206 facilis
1590 2160 1679 2206 dis-

277 2234 436 2294 ciplina
464 2243 542 2278 est.
564 2236 623 2277 M.
652 2233 827 2277 Faciam
849 2232 971 2293 quod
991 2232 1075 2287 vis,
1099 2241 1359 2292 gratumque
1380 2232 1524 2277 habeo
1547 2232 1674 2292 quod

276 2304 563 2363 intelligentia
585 2305 759 2364 sequaci
771 2304 929 2348 minuis
947 2302 1143 2347 laborem
1162 2317 1331 2347 meum:
1348 2302 1424 2348 secl
1445 2318 1600 2348 aurem
1623 2302 1679 2347 acl

280 2375 517 2420 iambicum
534 2374 698 2434 praehe.
720 2377 770 2418 D.
797 2373 898 2418 Istic
919 2388 1038 2428 sum,
1056 2372 1215 2432 incipe.
1239 2375 1299 2416 M.

487 2457 655 2502 Bonus
687 2458 781 2513 vir,
965 2456 1164 2501 Beatus.

460 2526 625 2572 ,Malus
648 2528 811 2581 miser,
965 2525 1072 2571 Silai
1086 2535 1155 2570 est
1172 2524 1369 2570 malum.
