1888 3168
549 183 672 210 mmm
705 183 758 210 DE
792 180 1065 219 QUANTITATE
1101 179 1206 208 Amin
1229 184 1261 206 12.
1523 171 1606 208 269

213 246 380 302 dicam,
417 248 509 292 sinc
538 247 784 292 tumoribus
817 261 907 290 esse
939 244 1278 303 intelliguntur:
1310 243 1456 289 tumor
1494 244 1610 289 enim

213 335 303 364 non
318 319 506 364 absurde
524 318 770 379 appellatur
784 316 975 378 corporis
989 315 1264 374 magnitudo,
1282 331 1382 376 quac
1397 315 1431 360 si
1445 316 1612 375 magni-

213 388 447 450 pendenda
472 398 597 445 esset,
629 388 728 449 plus
762 388 889 434 nobis
913 386 1112 448 profecto
1146 385 1369 446 elephanti
1394 396 1608 447 saperent.

214 460 345 514 Quod
378 461 411 505 si
435 461 671 522 quisquam
698 475 849 505 eorum
872 467 1084 518 cognatus
1107 456 1224 501 dicet
1245 456 1500 517 elephantos
1523 474 1613 502 esse

214 531 427 592 sapientes
447 550 456 576 ι
495 530 608 576 561151
642 530 760 575 6111111
795 528 993 592 quamvis
1032 527 1277 584 admirans,
1326 528 1438 572 sensi
1467 537 1614 573 tamen

215 602 343 647 etiam
365 602 468 647 hinc
491 602 690 648 homines
728 617 842 662 saepe
866 600 1088 660 ambigere
1111 619 1119 645 :
1145 598 1257 644 illud
1279 609 1495 661 quantum
1517 600 1613 660 opi—

214 690 295 719 nor
317 673 470 718 saltem
491 673 720 730 con-cedet,
738 672 837 734 plus
855 673 974 718 asino
997 687 1147 732 sapere
1166 670 1407 732 apiculam3
1424 687 1614 733 quorum

215 761 468 807 comparare
488 745 814 806 magnitudines
831 745 930 807 plus
951 744 1150 806 profecto
1171 753 1236 789 est
1254 759 1387 806 quam
1405 743 1576 789 asinum
1602 763 1610 788 :

214 817 286 863 vel
323 818 444 879 quod
482 819 613 864 etiam
651 818 706 864 de
737 817 866 864 oculo
895 817 1150 863 dicebamus
1166 853 1176 873 ,
1216 816 1288 862 cui
1322 833 1412 861 non
1449 815 1617 878 liqueat

216 888 375 951 aquilae
397 889 578 935 oculum
616 889 756 935 multo
779 905 912 951 quam
947 898 1094 935 noster
1116 898 1204 945 est,
1232 904 1322 934 esse
1343 887 1618 933 breviorem?

217 964 316 1016 Quo
343 971 492 1007 tamen
514 961 589 1007 illa
622 961 810 1007 sublime
832 963 892 1008 ita
911 962 1084 1018 volanS,
1119 971 1170 1006 ut
1201 978 1224 1006 a
1253 961 1380 1007 nobis
1418 961 1464 1004 in
1497 969 1619 1005 tanta

215 1032 315 1079 luce
332 1032 512 1078 difficile
535 1043 762 1091 cernatur,
783 1034 995 1079 latentem
1017 1033 1100 1078 sub
1119 1032 1303 1078 fructice
1320 1031 1615 1094 lepusculum,

217 1114 261 1149 et
282 1104 364 1149 sub
397 1104 606 1149 fluctibus
634 1105 799 1165 piscem
831 1104 980 1151 videre
1003 1114 1227 1165 comperta
1250 1113 1329 1150 est.
1364 1103 1495 1158 Quod
1517 1104 1551 1148 si
1573 1103 1620 1146 in

216 1175 319 1237 ipsis
340 1176 536 1221 sensibus
554 1177 716 1238 quibus
734 1177 816 1221 nisi
833 1193 1041 1238 corporea
1062 1177 1222 1222 sentire
1244 1192 1336 1222 non
1358 1175 1513 1220 datum
1531 1183 1616 1229 est,

217 1246 330 1292 nihil
360 1246 415 1292 ad
438 1263 553 1304 rem,
577 1248 624 1292 id
646 1257 709 1293 est
730 1247 785 1292 ad
807 1248 897 1293 vim
919 1248 1136 1293 sentiendi
1155 1248 1272 1294 valet
1288 1247 1481 1309 corporis
1503 1260 1621 1305 mag-

218 1319 376 1364 nitudo
392 1355 402 1375 ,
428 1318 803 1364 metuendum-ne
818 1329 903 1377 est,
925 1337 1091 1381 quaeso,
1117 1336 1173 1366 ne
1193 1321 1363 1365 animus
1382 1320 1617 1373 humanus,

217 1392 343 1450 cujus
378 1389 664 1436 excellentior
686 1400 730 1436 et
759 1407 872 1448 pene
894 1391 1011 1433 solus
1044 1397 1243 1449 aspectus
1275 1397 1339 1433 est
1369 1389 1460 1448 ipsa
1482 1388 1618 1443 ratio,

218 1476 307 1521 qua
331 1459 463 1504 etiam
485 1473 529 1504 se
550 1459 748 1504 invenire
769 1457 978 1515 molitur,
1005 1458 1117 1504 nihil
1144 1459 1219 1516 sit,
1246 1459 1280 1504 si
1302 1458 1447 1504 ullum
1469 1460 1621 1504 eadem

216 1531 355 1587 ratio,
376 1529 423 1576 id
442 1539 508 1575 est
524 1546 568 1575 se
591 1530 682 1591 ipse
705 1530 825 1575 omni
842 1530 1149 1590 magnitudine
1164 1566 1175 1587 ,
1201 1547 1288 1592 qua
1303 1530 1531 1576 obtinetur
1553 1530 1622 1574 lo-

220 1615 296 1648 cus
314 1637 326 1659 ,
363 1616 509 1646 carere
543 1601 818 1647 convicerit?
849 1604 1010 1661 Magna
1048 1601 1277 1661 quaedam,
1317 1602 1447 1643 crede
1484 1600 1619 1656 mihi,

221 1686 395 1731 magna,
412 1671 488 1714 sed
501 1672 592 1714 sine
614 1671 706 1713 ulla
720 1671 837 1712 mole
859 1671 914 1712 de
933 1673 1079 1713 animo
1102 1668 1335 1729 cogitanda
1358 1679 1475 1715 sunt.
1491 1671 1624 1725 Quod

222 1741 394 1788 facilius
417 1740 633 1799 contingit
652 1740 728 1796 iis,
755 1739 833 1800 qui
855 1748 931 1784 aut
953 1740 1067 1784 bene
1096 1739 1257 1785 eruditi
1293 1740 1350 1785 ad
1377 1742 1473 1787 haec
1497 1759 1623 1788 acce-

223 1814 339 1860 dunt
359 1828 451 1858 non
472 1810 619 1857 studio
636 1810 777 1856 inanis
800 1810 973 1870 gloriae,
1001 1811 1076 1856 sed
1096 1812 1247 1857 divino
1267 1829 1414 1858 amore
1431 1815 1624 1860 veritatis

225 1884 396 1932 accensi
414 1905 425 1943 3
446 1892 522 1929 aut
543 1883 620 1945 qui
631 1884 723 1944 jam
739 1881 786 1926 in
803 1882 868 1927 his
886 1882 1135 1944 quaerendis
1157 1894 1401 1941 versantur,
1427 1887 1626 1947 quamvis

225 1958 374 2003 minus
404 1955 565 2001 eruditi
597 1953 654 1999 ad
677 1953 976 2013 investiganda
1009 1970 1058 2000 ea
1089 1956 1314 2013 venerint,
1340 1957 1375 2002 si
1412 1959 1627 2018 patienter

227 2028 355 2074 bonis
377 2043 422 2073 se
444 2024 608 2072 dociles
630 2025 853 2086 praebent,
880 2034 1012 2087 atque
1040 2026 1096 2071 ab
1119 2028 1239 2073 omni
1260 2044 1495 2089 corporum
1518 2046 1627 2075 con-

229 2099 462 2146 suetudine
477 2135 488 2156 ,
514 2107 732 2161 quantum
754 2097 801 2143 in
823 2099 907 2144 hac
927 2099 1017 2144 vita
1033 2101 1303 2160 permittitur
1318 2137 1329 2159 ,
1351 2100 1484 2147 semel
1505 2107 1629 2148 a'vcr-

231 2181 347 2218 tunt.
371 2171 486 2217 Fieri
507 2179 656 2216 autem
677 2186 767 2216 non
788 2179 934 2231 potest
947 2170 1139 2233 quadam
1162 2173 1308 2220 divina
1326 2174 1600 2235 providentia
1616 2211 1628 2232 ,

232 2252 282 2288 ut
303 2242 512 2302 religiosis
526 2241 679 2287 animis
693 2258 737 2286 56
753 2242 870 2302 ipsos
886 2251 932 2293 et
952 2245 1094 2288 Deum
1116 2260 1268 2301 suum,
1294 2245 1340 2290 id
1362 2256 1446 2303 est,
1470 2247 1632 2292 verita-

234 2324 323 2360 tem
346 2314 440 2374 pie‚
459 2323 575 2360 caste
591 2349 602 2371 ,
624 2329 674 2360 ac
697 2313 928 2374 diligenter
948 2316 1273 2376 quaerentibUS,
1294 2316 1546 2365 inveniendi
1569 2318 1634 2364 fa-

235 2385 374 2432 cultas
397 2385 522 2432 desit.
