1888 3168
308 225 391 263 316
755 233 789 262 3.
826 232 1055 262 Α11011311Ν1
1086 233 1269 261 EPISCOPI

306 302 422 346 enim
442 302 583 346 anima
598 317 642 347 se
671 317 760 347 non
789 301 930 347 solum
952 317 1056 357 suo,
1082 301 1114 345 si
1142 316 1275 362 quam
1305 299 1493 345 universi
1518 311 1689 361 partem

305 375 419 432 agit,
461 372 536 418 sed
558 375 637 434 ipsi
664 374 794 419 etiam
821 374 1022 419 universo
1053 374 1223 434 corpori
1247 373 1379 418 audet
1408 388 1687 434 praeponere,

305 445 508 505 bonaque
542 447 634 506 ejus
656 446 769 490 bona
792 461 868 490 sua
890 461 978 490 non
1002 454 1179 505 putare,
1205 454 1336 506 atque
1360 445 1567 504 potentiae
1589 443 1692 504 pul-

304 516 632 577 chritiulinique
665 533 753 561 suae
775 526 1024 577 comparata
1042 553 1053 572 ,
1078 516 1319 561 discernere
1341 526 1472 577 atque
1494 525 1692 560 contem-

304 603 432 634 nere:
459 597 502 632 et
524 589 626 633 inde
663 606 752 650 quo
774 590 907 648 magis
930 605 974 633 se
1001 587 1213 645 delectat,
1246 604 1297 634 eo
1318 589 1455 648 magis
1478 603 1568 633 sese
1590 587 1692 632 abs-

302 660 474 703 trahere
494 676 516 704 a
539 660 754 715 sordibus,
776 669 1002 721 totamque
1020 658 1264 704 emaculare
1287 675 1336 705 ac
1359 659 1692 704 mundissimam

302 730 484 776 reddere
507 741 550 776 et
579 733 943 792 comptissimam·⁷
985 733 1192 778 roborare
1214 748 1258 777 se
1282 731 1485 778 adversus
1517 732 1661 777 omnia
1678 767 1689 787 ‚

302 818 400 862 quse
438 801 492 846 de
515 804 736 863 proposito
757 820 805 848 ac
833 803 1046 849 sententia
1078 804 1299 850 dimovere
1331 803 1599 861 moliuntur3
1621 818 1693 847 so-

301 874 501 919 cietatem
544 876 783 921 humanam
809 875 1172 938 magnipendere,
1208 876 1406 938 nihilque
1439 875 1551 922 velle
1571 874 1695 920 alteri

301 944 422 1006 quod
447 946 529 990 sibi
553 946 664 991 nolit
685 947 904 1006 accidere3
930 948 1053 1009 sequi
1075 948 1382 993 auctoritatem
1404 962 1453 991 ac
1475 955 1695 1007 praecepta

300 1016 562 1076 sapientium
579 1053 589 1073 ,
614 1027 659 1062 et
679 1033 756 1078 per
777 1019 873 1064 haec
894 1017 1017 1080 loqui
1045 1018 1127 1063 sihi
1148 1022 1289 1063 Deum
1311 1017 1502 1063 credere.
1531 1020 1584 1061 In
1610 1017 1696 1062 1100

300 1095 389 1132 tam
419 1087 628 1147 praeclaro
656 1097 757 1133 actu
779 1089 935 1134 animae
972 1089 1084 1134 inest
1120 1089 1264 1134 adhuc
1300 1088 1453 1144 labor,
1479 1097 1522 1133 et
1543 1096 1695 1134 contra

299 1157 430 1217 hujus
455 1157 611 1203 mundi
640 1158 858 1204 molestias
891 1169 1023 1221 atque
1051 1158 1286 1205 blanditias
1318 1175 1502 1220 magnus
1535 1159 1694 1204 acerri-

299 1243 485 1290 musque
503 1227 750 1275 conssictus.
768 1234 820 1275 In
836 1231 929 1291 ipso
944 1232 1060 1276 enim
1072 1231 1343 1292 purgationis
1355 1230 1532 1290 negotio
1547 1230 1697 1275 subest

299 1310 441 1345 metus
458 1302 609 1346 mortis
631 1317 745 1362 saepe
767 1319 858 1347 non
880 1318 1086 1362 magnus7
1105 1319 1219 1364 saepe
1239 1318 1343 1349 vero
1364 1302 1695 1347 vehementissi-

298 1386 395 1416 mus
415 1392 423 1417 z
450 1388 540 1418 non
576 1389 761 1432 magnus
786 1383 880 1418 tum
913 1389 1015 1418 cum
1039 1374 1335 1418 robustissime
1357 1372 1549 1418 creditur
1570 1375 1697 1431 (nam

297 1442 445 1487 videre
469 1444 551 1488 hoc
574 1454 725 1488 utrum
757 1444 811 1488 sit
833 1460 988 1489 verum
1005 1480 1016 1500 ‚
1042 1445 1216 1490 nonnisi
1238 1453 1514 1504 perpurgatae
1539 1443 1696 1488 animae

297 1513 428 1571 lieet)
451 1524 571 1559 tanta
596 1515 674 1559 Dei
696 1515 971 1575 providentia
987 1516 1244 1576 justitiaque
1271 1514 1505 1574 gubernari
1524 1515 1692 1570 omnia,

298 1595 347 1629 ut
378 1585 489 1629 nulli
533 1602 649 1631 mors
677 1587 828 1647 inique
859 1586 1057 1631 accidere
1079 1587 1236 1646 possit,
1269 1586 1435 1630 etiamsi
1458 1602 1554 1630 eam
1583 1585 1697 1631 forte

297 1657 473 1718 iniquus
503 1657 716 1702 intulerit.
742 1658 1037 1702 Vehementer
1059 1667 1207 1702 autem
1232 1657 1496 1702 formidatur
1517 1673 1632 1702 mors
1650 1657 1696 1701 in

297 1728 381 1772 hoc
408 1729 498 1788 jam
530 1729 690 1787 gradu,
717 1744 818 1773 eum
842 1738 885 1773 et
907 1727 1018 1773 illud
1043 1744 1094 1773 eo
1121 1729 1314 1773 creditur
1346 1728 1580 1784 infirmius,
1607 1744 1696 1790 quo

298 1798 521 1842 sollicitius
543 1799 785 1859 quaeritur3
812 1809 855 1844 et
881 1815 931 1844 eo
956 1800 1050 1859 ipso
1070 1801 1214 1844 minus
1243 1799 1438 1854 videtur,
1462 1816 1550 1860 quo
1570 1808 1694 1844 tran-

297 1868 490 1929 quillitas
514 1879 692 1929 propter
712 1879 880 1914 metum
915 1871 1057 1914 minor
1079 1880 1165 1925 est,
1199 1870 1508 1928 investigandis
1531 1870 1694 1915 obscu-

297 1940 470 1984 rissimis
493 1941 622 1984 rebus
651 1940 985 2000 pernecessaria.
1010 1940 1178 1985 Deinde
1201 1956 1289 2000 quo
1312 1940 1447 1999 magis
1469 1942 1694 2002 magisque

298 2011 429 2054 sentit
451 2011 591 2054 anima
605 2046 615 2065 ,
642 2026 693 2055 eo
712 2011 804 2070 ipso
823 2027 912 2071 quo
933 2010 1107 2070 proficit
1123 2046 1133 2065 ,
1161 2020 1377 2071 quantum
1395 2011 1564 2055 intersit
1579 2012 1694 2056 inter

298 2098 450 2142 puram
476 2091 519 2126 et
536 2082 903 2138 contaminatam3
925 2097 976 2126 eo
1000 2081 1134 2140 magis
1152 2082 1301 2136 timet,
1327 2096 1381 2125 ne
1399 2081 1596 2141 deposito
1610 2083 1692 2128 isto

297 2169 499 2213 corpore,
517 2153 660 2197 minus
676 2168 769 2196 eam
787 2153 923 2212 possit
942 2155 1056 2196 Deus
1077 2168 1210 2212 quam
1233 2168 1277 2196 se
1298 2151 1390 2211 ipsa
1414 2151 1525 2196 ferre
1543 2153 1690 2213 pollu-

298 2233 400 2267 tam.
425 2223 541 2269 Nihil
563 2233 711 2268 autem
729 2222 950 2267 difficilius
973 2238 1106 2284 quam
1133 2232 1176 2267 et
1197 2232 1390 2267 metuere
1413 2233 1621 2280 mortem,
1648 2234 1692 2270 et

297 2296 350 2339 ab
380 2294 592 2340 illecebris
626 2296 757 2356 hujus
790 2294 945 2339 mundi
967 2294 1080 2339 sicut
1101 2293 1294 2354 pericula
1317 2295 1407 2354 ipsa
1435 2295 1685 2355 postulant,

301 2377 553 2426 temperare.
582 2370 719 2411 Tanta
752 2376 815 2411 est
842 2376 990 2411 tamen
1019 2366 1160 2410 anima
1178 2401 1189 2420 ,
1222 2375 1272 2410 ut
1294 2366 1424 2411 etiam
1448 2367 1532 2412 1100
1554 2369 1689 2428 possit

297 2438 531 2498 adjuvante
553 2453 654 2482 sane
672 2438 839 2497 justitia
859 2438 1018 2482 summi
1040 2446 1083 2482 et
1105 2437 1197 2482 veri
1229 2438 1306 2481 Dei
1321 2473 1331 2493 ‚
1357 2454 1444 2499 qua
1471 2439 1565 2483 haec
1588 2440 1689 2483 11111-

296 2511 471 2554 versitas
486 2519 804 2554 sustentaturet
822 2510 1002 2570 regitur3
1018 2526 1104 2570 qua
1118 2509 1245 2554 etiam
1261 2508 1426 2554 factum
1441 2520 1520 2566 est,
1537 2520 1686 2556 utnon

298 2580 428 2627 modo
446 2581 531 2626 sint
554 2581 699 2628 omnia
716 2617 727 2638 ⁷
746 2581 820 2629 sed
843 2581 902 2628 ita
922 2581 1028 2638 sint,
1050 2590 1101 2628 ut
1124 2580 1302 2628 omnino
1316 2580 1470 2627 melius
1487 2596 1576 2627 esse
1593 2597 1682 2627 11011
