1888 3168
616 230 670 255 DE
702 226 856 255 nesio&
891 228 974 255 Lus.
1011 230 1040 253 1.
1444 216 1528 256 353

135 307 308 338 rursum
329 293 387 337 ad
409 308 548 339 unum
570 293 840 338 remearent?
860 295 913 337 D.
940 291 1164 336 Recordor
1177 291 1306 352 plane
1322 293 1532 353 quaestio-

135 366 201 410 nis
221 365 353 426 hujus
376 380 506 409 causa
526 380 606 409 nos
634 373 808 409 tantum
834 363 1083 409 circumisse
1105 382 1114 407 :
1139 362 1216 407 sed
1243 364 1351 424 quid
1371 365 1534 409 effece-

135 436 272 481 rimus
299 435 420 497 quod
445 434 501 480 ad
522 450 619 479 eam
648 435 902 481 solvendam
935 434 1174 495 pertineat,
1211 450 1302 478 non
1338 434 1531 480 invenio.

142 507 367 569 Siquidem
384 506 457 551 illa
476 507 616 552 omnis
631 517 778 552 nostra
799 506 1071 552 ratiocinatio
1097 505 1152 550 ad
1166 505 1212 550 id
1229 505 1435 551 conclusa
1453 516 1534 562 est,

136 588 188 624 ut
205 595 296 624 non
317 593 458 639 usque
492 578 549 622 ad
570 577 823 636 denarium,
849 576 925 623 sed
963 593 1103 640 usque
1125 577 1182 622 ad
1207 578 1539 639 quaternarium

138 664 373 695 numerum
386 649 441 694 sit
457 651 576 711 justa
590 659 633 694 et
646 649 872 695 moderata
891 649 1147 710 progressio.
1167 652 1229 694 M.
1249 651 1394 693 Tu-ne
1408 649 1540 707 igitur

138 737 228 767 non
248 721 368 767 vides
385 757 395 776 ,
419 737 470 766 ex
492 737 582 766 uno
612 731 656 766 et
691 721 889 777 duobus,
915 731 959 766 et
980 721 1121 766 tribus
1149 730 1193 766 et
1222 729 1413 782 quatuor
1439 734 1540 782 quae

138 809 308 838 summa
324 793 607 838 conficiatur?
624 799 671 837 D.
699 793 839 838 Video
851 794 942 854 jam
954 829 964 848 ,
981 793 1135 849 video,
1153 802 1197 837 et
1217 792 1352 838 miror
1374 793 1537 848 omnia,

139 875 183 910 et
200 875 338 911 ortam
358 866 647 926 quaestionem
669 864 857 910 solutam
882 880 972 909 esse
991 865 1204 910 confiteor
1231 885 1239 910 :
1260 880 1402 909 unum
1425 864 1543 908 enim

141 947 184 983 et
203 937 292 983 duo
312 947 356 983 et
376 937 458 981 tria
478 946 522 982 et
547 947 737 998 quatuor
755 937 884 982 simul
903 936 1055 981 decem
1069 946 1186 981 sunt.
1209 940 1271 981 M.
1296 940 1414 996 Ergo
1443 937 1545 981 istos

141 1019 331 1072 quatuor
342 1011 505 1070 primos
517 1009 988 1071 numeros,ser„iemquc
1004 1019 1045 1054 et
1061 1008 1378 1054 connexionem
1392 1023 1546 1053 eorum

140 1082 442 1129 honorabilius
463 1082 615 1128 haberi
633 1099 766 1144 quam
784 1092 941 1128 caetera
962 1082 1219 1128 innumeris
1242 1081 1461 1128 convenit.

145 1231 1548 1251 wwwvuwwivvvumwwwmvvmsww'wwmmwvvwnrmmvwmwwmmmmmm

627 1358 849 1412 CAPUT
886 1360 1032 1406 XIII.

141 1516 221 1563 De
239 1517 722 1577 proportionatorum
738 1523 953 1560 motuum
972 1512 1163 1573 decore,
1184 1525 1424 1576 quatenus
1440 1533 1550 1563 sen-

634 1585 765 1633 sibus
781 1585 1054 1648 judicatur.

1517 1632 1535 1647 ὁ

203 1726 392 1771 XXVII.
421 1727 597 1769 TEMPUS
612 1732 677 1768 est
698 1732 847 1768 autem
869 1723 925 1768 ad
961 1720 1059 1768 illos
1081 1734 1228 1770 motus
1256 1725 1400 1770 redire
1436 1714 1553 1772 trac*-

145 1797 302 1843 tandos
323 1804 368 1840 et
389 1793 707 1850 discutiendos,
745 1795 822 1855 qui
855 1794 959 1838 huic
993 1793 1236 1855 disciplinae
1258 1798 1436 1858 proprie
1470 1800 1553 1844 tri-

146 1869 369 1924 buuntur,
393 1876 437 1912 et
457 1877 638 1928 propter
660 1882 770 1928 quos
791 1866 871 1910 ista
890 1865 945 1910 de
963 1867 1179 1923 numeris,
1205 1868 1260 1913 de
1283 1869 1368 1914 alia
1387 1871 1555 1916 scilicet

146 1939 400 2000 disciplina,
421 1947 638 2000 quantum
660 1953 740 1998 pro
764 1937 942 1996 negotio
963 1937 1064 1982 satis
1079 1939 1222 1984 visum
1249 1950 1334 1997 est,
1358 1942 1558 1987 conside-

147 2011 354 2057 ravimus.
376 2014 532 2071 Itaque
547 2025 667 2054 nunc
686 2009 762 2054 abs
784 2018 828 2053 te
849 2025 1023 2070 quaero,
1045 2011 1257 2071 quoniam
1277 2012 1554 2072 intelligendi

149 2084 285 2143 gratia
306 2083 354 2127 in
374 2082 585 2127 horarum.
605 2080 745 2141 spatio
764 2090 912 2125 motus
935 2081 1334 2140 constituebamus,
1361 2101 1472 2146 quos
1499 2086 1555 2130 ad

149 2170 194 2199 se
208 2154 397 2199 invicem
415 2152 580 2197 habere
598 2151 790 2213 aliquam
808 2167 1087 2197 numerosam
1100 2151 1420 2199 dimensionem
1443 2158 1561 2203 ratio

150 2225 508 2281 demonstrabat,
533 2234 685 2270 utrum
709 2224 742 2268 si
765 2224 994 2286 quisquam
1019 2240 1142 2270 mora
1161 2227 1292 2272 unius
1309 2228 1430 2273 horae
1452 2245 1556 2274 cur-

151 2307 240 2353 rat,
261 2306 305 2341 et
327 2296 436 2341 alius
449 2296 654 2357 deinceps
673 2294 884 2351 duarum,
910 2295 1044 2356 possis
1058 2312 1148 2342 non
1162 2298 1360 2358 inspecto
1372 2299 1555 2347 horolo-

153 2370 223 2428 gio
234 2368 307 2414 vel
327 2368 540 2429 clepsidra
552 2404 563 2424 ,
582 2367 654 2413 vel
672 2367 818 2429 aliqua
840 2367 1144 2428 hujuscemodi
1161 2378 1411 2430 temporum
1425 2383 1556 2418 nota-

154 2441 274 2486 tione
296 2440 456 2485 sentire
479 2439 576 2485 illos
597 2438 708 2485 duos
725 2448 894 2495 motus,
920 2440 1043 2501 quod
1063 2457 1180 2486 unus
1207 2442 1388 2504 simplus
1405 2481 1416 2500 ,
1448 2444 1559 2491 alius

155 2511 318 2573 duplus
340 2512 394 2557 sit
418 2531 426 2557 :
452 2510 524 2556 vel
545 2511 714 2556 etiamsi
742 2511 790 2556 id
813 2527 901 2556 non
927 2512 1061 2571 possis
1096 2513 1240 2558 dicere
1256 2550 1267 2570 ,
1309 2514 1382 2560 illa
1410 2526 1559 2562 tamen

157 2583 446 2644 congruentia
494 2581 730 2639 delectari,
780 2592 912 2644 atque
957 2582 1103 2644 aliqua
1147 2585 1374 2646 voluptate
1425 2589 1554 2635 affici.

350 2666 472 2696 cvm.
1343 2660 1394 2698 23
