1888 3168
319 185 401 225 354
760 194 793 221 s.
830 195 1060 224 AUGUSTINI
1092 196 1274 223 EPISCOPI

314 265 366 305 l).
398 261 530 306 Nullo
556 260 689 305 modo
717 275 909 321 possum.
934 263 995 305 M.
1021 259 1159 315 Quid,
1186 260 1219 304 si
1240 260 1454 321 quispiam
1475 277 1704 308 numerose

311 330 515 391 plaudat,
540 331 599 376 ita
615 340 666 376 ut
683 347 796 376 unus
816 331 981 377 sonitus
1001 330 1230 391 simplum,
1254 329 1363 376 alter
1384 331 1572 392 duplum
1593 343 1706 379 tem-

310 400 427 460 poris
446 410 614 458 teneat,
638 417 747 463 quos
760 401 926 446 iambos
939 401 1074 462 pedes
1086 411 1275 458 vocant,
1299 416 1461 463 eosque
1480 403 1708 449 continuet

311 481 443 533 atque
464 481 695 531 contexat,
733 470 842 516 alius
875 481 1022 517 autem
1050 472 1107 517 ad
1137 471 1342 518 eumdem
1373 488 1530 518 sonum
1551 472 1704 530 saltet,

307 541 552 588 secundum
572 558 623 588 ea
650 542 814 588 scilicet
846 551 1046 604 tempora
1077 558 1258 591 movens
1296 545 1519 601 membra,
1558 559 1710 590 nonne

311 623 389 658 aut
408 613 540 659 etiam
557 612 675 660 dicas
703 615 846 674 ipsum
863 614 1095 659 modulum
1116 624 1365 676 temporum
1380 652 1391 673 ,
1411 615 1459 661 id
1479 624 1564 672 est,
1588 614 1711 677 quod

309 684 518 746 simplum
539 685 595 730 ad
616 684 804 745 duplum
826 685 964 747 spatia
984 686 1033 731 in
1055 687 1252 732 motibus
1272 686 1512 744 alternent,
1540 687 1629 733 sive
1664 686 1712 731 in

307 754 384 800 illo
401 755 560 817 plausu
571 757 648 818 qui
663 756 858 813 auditur,
874 757 963 802 sive
978 757 1026 802 in
1043 756 1116 802 illa
1130 757 1360 803 saltatione
1373 774 1474 820 quae
1490 758 1708 803 cernitur:

308 835 384 871 aut
404 826 560 872 saltem.
580 826 808 873 delecteris
830 829 1143 874 numerositate
1166 844 1301 890 quam
1322 829 1506 886 sentias,
1537 828 1713 874 tametsi

310 913 401 943 non
422 898 558 959 possis
576 914 783 943 numeros
805 900 897 960 ejus
922 898 1204 945 dimensionis
1225 899 1428 946 edicere?
1449 903 1502 946 D.
1530 903 1598 945 Ita
1609 914 1713 945 vero

311 978 393 1026 est,
417 979 469 1014 ut
490 969 595 1014 dicis
621 988 630 1015 :
653 985 755 1015 nam
777 978 821 1015 et
840 969 921 1027 illi,
943 971 1020 1031 qui
1036 971 1115 1016 hos
1131 987 1337 1017 numeros
1354 980 1588 1027 noverunt,
1611 986 1713 1015 sen-

310 1040 430 1085 tiunt
461 1057 534 1087 eos
566 1041 612 1086 in
635 1040 791 1101 plausu
822 1050 954 1102 atque
993 1041 1245 1099 saltatione,
1277 1043 1442 1104 quique
1469 1042 1557 1087 sint
1586 1040 1715 1087 facile

313 1110 489 1171 dicunt,
515 1122 560 1157 et
580 1114 656 1173 qui
670 1129 741 1158 eos
759 1129 849 1158 non
876 1124 1097 1158 noverunt
1119 1130 1199 1159 nec
1226 1123 1411 1175 possunt
1432 1113 1599 1171 dicere,
1624 1128 1716 1158 non

314 1194 479 1243 negant
498 1193 648 1229 tamen
672 1200 723 1229 ex
743 1185 810 1230 his
831 1201 875 1229 se
898 1184 1125 1246 voluptate
1147 1185 1291 1247 aliqua
1312 1185 1496 1246 perfrui.

373 1257 583 1301 XXVIII.
605 1259 666 1301 M.
693 1258 806 1302 Cum
828 1256 959 1315 igitur
981 1257 1038 1302 ad
1062 1258 1201 1317 ipsam
1228 1257 1445 1302 rationem
1476 1255 1720 1316 disciplinae

316 1326 471 1388 hujus,
496 1326 711 1389 siquidem
734 1328 912 1373 scientia
934 1337 998 1372 est
1024 1329 1139 1372 bene
1169 1326 1453 1383 modulandi,
1476 1343 1568 1372 non
1585 1326 1721 1387 possit

320 1399 471 1458 negari
491 1415 640 1444 omnes
661 1399 880 1458 pertinere
906 1409 1052 1444 motus
1087 1399 1165 1459 qui
1196 1399 1311 1443 bene
1347 1398 1565 1443 modulati
1591 1406 1717 1453 sunt,

320 1480 364 1515 et
386 1486 457 1516 eos
479 1471 755 1531 potissimum
784 1471 861 1532 qui
888 1486 981 1515 non
1001 1469 1255 1514 referuntur
1285 1469 1343 1514 ad
1375 1468 1496 1514 aliud
1523 1467 1719 1530 aliquid,

320 1540 397 1586 sed
417 1541 464 1585 in
485 1557 530 1586 se
558 1541 660 1601 ipsis
693 1541 828 1586 finem
852 1540 1020 1589 decoris
1053 1540 1408 1586 delectationisve
1432 1548 1720 1585 conservant:

322 1612 370 1657 hi
392 1621 541 1656 tamen
573 1621 739 1667 motus,
780 1621 831 1656 ut
866 1627 985 1656 nunc
1013 1627 1039 1655 a
1072 1627 1144 1656 me
1179 1620 1354 1669 rogatus
1386 1619 1504 1656 recte
1535 1625 1726 1671 vereque

324 1682 493 1739 dixisti,
518 1683 551 1726 si
571 1681 706 1742 longo
723 1681 863 1742 spatio
885 1681 1095 1743 temporis
1114 1681 1245 1738 fiant,
1272 1682 1407 1743 inque
1433 1682 1527 1742 ipsa
1548 1681 1724 1729 dimen-

322 1754 443 1800 sione
461 1770 561 1816 quae
582 1753 740 1799 decora
761 1763 848 1810 est,
872 1754 1028 1798 horam
1048 1752 1120 1799 vel
1144 1754 1280 1801 etiam
1290 1755 1431 1815 majus
1444 1762 1618 1814 tempus
1641 1752 1725 1803 ob-

324 1827 518 1884 tineant,
552 1842 644 1873 non
663 1835 850 1888 possunt
875 1841 1119 1885 congruere
1141 1825 1299 1871 nostris
1324 1825 1537 1871 sensibus,
1565 1827 1728 1879 Quam·-

326 1899 481 1945 obrem
503 1914 606 1944 cum
633 1897 876 1960 procedens
917 1897 1117 1960 quodam
1157 1897 1292 1943 modo
1337 1896 1394 1943 de
1432 1897 1729 1944 secretissimis

328 1971 627 2033 penetralibus
650 1970 843 2028 musica,
874 1970 922 2015 in
942 1970 1101 2016 nostris
1136 1969 1266 2014 etiam
1299 1969 1524 2026 sensibus,
1559 1968 1632 2015 vel
1661 1968 1729 2013 his

330 2044 478 2100 rebus,
499 2058 599 2104 quae
621 2058 646 2087 a
668 2042 793 2087 nobis
815 2042 1080 2097 sentiuntur,
1104 2041 1283 2099 vestigia
1297 2039 1502 2101 quaedam
1515 2040 1726 2100 posuerit,

331 2131 479 2161 nonne
501 2123 674 2176 oportet
696 2114 849 2159 eadem
865 2113 1045 2173 vestigia
1062 2113 1182 2174 prius
1203 2112 1427 2173 persequi,
1453 2121 1505 2157 ut
1530 2127 1730 2157 commo-

332 2187 430 2233 dius
448 2186 505 2232 ad
519 2188 628 2248 ipsa,
649 2187 682 2232 si
696 2186 983 2248 potuerimus,
1004 2201 1105 2246 quae
1123 2184 1226 2240 dixi,
1245 2184 1507 2264 penetralia,
1527 2183 1620 2229 sine
1636 2183 1732 2229 ullo

333 2275 479 2305 errore
500 2259 740 2304 ducamur?
765 2261 817 2303 D.
843 2259 1029 2318 Oportet
1047 2272 1175 2312 vero,
1206 2265 1249 2300 et
1269 2256 1392 2301 hoc
1377 2257 1646 2316 jamjamque
1678 2263 1732 2300 ut

335 2330 560 2387 faciamus,
585 2329 792 2390 efflagito.
816 2331 878 2374 M.
903 2328 1166 2373 Omittamus
1181 2342 1284 2386 eigo
1301 2325 1395 2371 illas
1417 2326 1533 2371 ultia
1554 2326 1729 2387 capaci-

336 2411 473 2447 tatem
500 2417 649 2447 sensus
671 2400 806 2446 nostri
820 2409 1042 2460 poirectas
1065 2408 1313 2458 temporum
1330 2407 1492 2454 metas,
1520 2406 1565 2442 et
1587 2397 1643 2442 de
1663 2396 1730 2442 his

338 2474 544 2519 brevibus
567 2471 899 2519 inteivalloium
926 2471 1099 2532 spatiiS,
1128 2485 1229 2530 quae
1258 2470 1302 2514 in
1325 2468 1545 2514 cantando
1566 2467 1729 2513 saltan-

340 2544 487 2607 doque
504 2559 582 2590 nos
603 2543 821 2600 mulcent,
846 2551 1063 2604 quantum
1085 2541 1194 2586 ratio
1216 2556 1294 2586 nos
1321 2540 1520 2596 duxerit,
1544 2539 1730 2585 dissera-
