1852 3163
268 234 345 272 108
687 243 720 271 s.
757 243 988 277 1000511111
1022 247 1207 276 Episcopi

262 317 388 365 runt,
413 324 666 370 quanquam
694 311 785 371 jani
807 322 898 356 erat
921 328 1030 368 nox,
1054 322 1099 357 et
1120 310 1288 373 aliquid
1315 309 1446 355 etiam
1466 310 1645 357 lucerna

262 379 378 424 illata
398 379 477 424 seri
484 389 606 440 ptum
618 391 724 437 erat,
738 391 882 426 tamen
894 382 954 426 illi
970 382 1264 427 adolescentes
1277 382 1562 426 intentissime
1575 398 1650 426 cx-

261 452 511 512 pectabant‚
529 463 677 497 utrum
704 453 887 514 Alypius
910 455 979 500 vel
992 455 1075 500 alio
1092 454 1162 499 die
1179 471 1222 500 sc
1236 470 1545 516 responsurum
1559 470 1650 500 esse

262 523 550 583 promitteret.
576 527 686 568 Tum
707 524 779 569 ille.
798 526 936 570 :Nihil
963 526 1068 570 mihi
1092 526 1344 587 aliquando,
1370 526 1533 587 inquit,
1558 535 1650 570 tam

261 610 311 637 ex
326 595 539 639 sententia
554 596 801 654 provenisse
823 597 1039 642 affirmare
1051 606 1226 658 paratus
1239 613 1352 653 sum,
1373 613 1505 658 quam
1530 598 1651 657 quod

261 665 472 710 hodierna
497 665 791 726 disputatione
809 667 984 715 discedo
998 678 1242 730 superatus,
1268 684 1349 713 nec
1366 669 1492 713 istam
1508 684 1650 713 meam

261 747 433 781 tantum
462 747 569 797 puto
598 737 759 783 debere
792 756 882 785 esse
912 741 1125 788 laetitiam.
1164 740 1512 786 Communicabo
1548 755 1651 798 ergo

260 825 354 854 eam
367 809 594 855 vobiscum
605 820 924 857 concertatores
936 814 1020 858 mei
1030 813 1099 859 vel
1107 812 1277 875 judices
1288 810 1651 866 0031110030ἀο-

260 879 438 941 quidem
459 880 541 925 isto
563 897 607 925 se
629 891 757 942 pacto
780 899 803 927 a
824 883 910 928 suis
931 884 1113 943 posteris
1133 884 1269 939 vinci,
1298 883 1379 944 ipsi
1407 883 1537 927 etiam
1560 880 1651 927 for-

260 962 369 997 tasse
392 951 639 998 Academici
665 963 888 1013 optarunt.
915 956 1032 1009 Quid
1055 955 1171 1000 enim
1194 955 1320 1000 nobis
1336 956 1421 999 hoc
1442 954 1650 999 sermonis

259 1022 407 1083 lepore
418 1023 678 1084 jucundius?
695 1025 802 1086 quid
816 1027 1131 1072 sententiarum
1146 1027 1355 1087 gravitate
1376 1026 1651 1086 perpensius?

258 1096 368 1157 quid
381 1096 686 1142 benevolentia
703 1100 969 1159 promptius?
981 1098 1090 1160 quid
1104 1099 1303 1144 doctrina
1318 1098 1497 1158 peritius
1510 1096 1649 1142 videri

260 1176 335 1212 aut
362 1166 558 1211 exhiberi
585 1171 754 1228 posset?
777 1172 957 1214 Prorsus
980 1185 1258 1231 nequaquam
1288 1169 1418 1228 digne
1444 1167 1648 1213 admirari

259 1252 452 1298 possum,
489 1254 577 1299 quo
600 1248 690 1283 tam
711 1237 848 1284 facete
874 1255 1022 1300 aspera
1039 1275 1049 1295 ‚
1082 1248 1170 1284 tam
1200 1237 1371 1283 fortiter
1399 1238 1647 1298 desperata,

259 1318 349 1354 tam
361 1309 584 1354 moderate
598 1310 813 1365 convicta,
835 1319 924 1354 tam
936 1310 1128 1355 dilucide
1142 1310 1326 1355 obscura
1339 1318 1521 1355 tractata
1530 1319 1648 1354 sunt.

261 1382 406 1433 Quare
421 1381 513 1440 jam
539 1380 642 1425 socii
666 1381 752 1425 mei
780 1382 1126 1441 expectationem
1148 1391 1359 1437 vestram,
1391 1397 1478 1442 qua
1500 1396 1570 1424 me
1596 1379 1653 1424 ad

263 1449 618 1510 respondendum
638 1452 957 1511 provocabatiS,
985 1453 1168 1496 certiore
1195 1467 1270 1512 spe
1291 1467 1464 1496 mecum
1483 1451 1537 1495 ad
1561 1449 1652 1495 dis-

262 1522 452 1566 cendum
466 1523 721 1567 convertite.
749 1522 971 1568 Habemus
994 1522 1152 1568 ducem
1168 1524 1335 1583 quinos
1358 1523 1403 1566 in
1428 1522 1520 1583 ipsa
1535 1521 1651 1566 veri·-

264 1593 359 1637 tatis
382 1609 536 1638 arcana
559 1596 650 1638 Deo
660 1595 752 1654 jam
769 1603 1039 1638 monstrante
1056 1593 1283 1654 perducat.

323 1667 457 1709 XLV.
495 1665 574 1710 Hic
606 1681 687 1724 ego
717 1681 816 1710 cum
850 1665 912 1710 illi
933 1666 1089 1726 puerili
1116 1667 1308 1727 quodam
1335 1666 1502 1722 studio,
1528 1664 1656 1726 quod

264 1736 449 1795 Alypius
467 1752 752 1796 responsurus
775 1753 865 1782 non
882 1737 1129 1792 videbatur⁷
1147 1738 1271 1798 quasi
1291 1736 1511 1782 fraudatos
1527 1736 1655 1782 vultu

264 1823 308 1851 se
322 1806 600 1851 ostenderent
618 1827 626 1852 :
649 1806 874 1862 Invidetis,
892 1807 1074 1867 inquam
1092 1808 1301 1862 arridens,
1315 1806 1517 1851 laudibus
1531 1807 1651 1851 meis.
1696 1850 1702 1855 ,

267 1877 351 1923 Sed
368 1878 576 1939 quoniam
596 1877 651 1922 de
669 1877 816 1937 Alypii
831 1878 1073 1923 constantia
1094 1880 1185 1939 jam
1211 1893 1403 1933 securus,
1424 1877 1531 1921 nihil
1555 1893 1655 1922 eum

265 1949 413 2004 timeo,
439 1958 490 1993 ut
510 1964 586 1993 vos
611 1964 789 2009 quoque
810 1949 918 1992 mihi
942 1949 1097 2008 gratias
1121 1949 1271 2008 agatis,
1295 1949 1465 1993 instruo
1485 1965 1561 1994 vos
1577 1948 1656 1993 ad-

266 2036 413 2065 versus
435 2019 560 2064 illum
583 2020 659 2080 qui
678 2028 846 2064 tantam
867 2020 1157 2065 intentionem
1181 2029 1334 2064 vestrae
1348 2021 1657 2081 expectationis

266 2092 466 2136 offendit.
497 2091 645 2150 Legite
669 2090 994 2146 Academicos1,
1021 2101 1063 2135 et
1090 2107 1191 2136 cum
1212 2091 1274 2135 ibi
1290 2091 1528 2147 victorem(
1549 2089 1659 2152 quid

266 2164 381 2207 enim
417 2161 583 2207 facilius
597 2164 633 2221 9)
656 2162 835 2206 istarum
854 2177 1070 2221 nugarum
1093 2163 1351 2207 Ciceronem
1374 2161 1624 2206 inveneritis
1642 2197 1654 2217 ‚

267 2243 449 2293 cogatur
465 2234 544 2278 iste
571 2250 594 2278 a
616 2233 739 2278 vobis
762 2233 881 2277 hunc
907 2243 1106 2278 nostrum
1133 2247 1377 2277 sermonem
1404 2242 1555 2277 contra
1583 2232 1658 2277 illa

264 2307 425 2351 invicta
444 2304 694 2349 defendere.
713 2308 835 2350 Hanc
854 2305 951 2361 tibi,
975 2305 1122 2365 Alypi,
1139 2304 1294 2349 duram
1315 2304 1563 2349 mercedem
1578 2320 1658 2364 pro

266 2393 363 2422 mea
385 2376 491 2422 falsa
507 2376 637 2421 laude
655 2377 849 2421 restituo.
876 2378 956 2422 Hic
975 2393 1075 2422 cum
1097 2376 1350 2430 arrisissent,
1376 2376 1510 2420 finem
1524 2384 1658 2420 tantae

266 2448 556 2493 conflictionis
578 2457 728 2492 utrum
750 2448 1045 2493 firmissimum
1067 2446 1228 2503 nescio,
1250 2445 1485 2492 modestius
1502 2455 1649 2492 tamen

271 2530 314 2566 et
335 2520 460 2566 citius
479 2535 612 2582 quam
630 2535 901 2581 speraveram
915 2520 1111 2566 fecimus.

321 2623 329 2639 ¹
350 2627 361 2648 1
385 2618 526 2650 Retract.
549 2627 618 2659 cap.
643 2627 672 2656 1,
699 2615 783 2657 114.
