1888 3168
638 153 694 179 DE
726 149 883 179 MUsrcA
916 151 998 179 Llss.
1034 152 1082 178 11.
1476 139 1559 178 383

159 232 263 261 vero
286 216 484 262 exclusus
507 217 864 277 amphibrachus,
890 216 1012 260 nulla
1033 216 1178 276 potuit
1195 215 1364 260 ratione
1386 214 1554 270 reduci,

159 287 230 332 cui
248 287 440 348 parilitas
458 297 710 348 temporum
731 286 926 332 auxiliari
943 286 1068 347 quid,
1086 286 1297 331 divisione
1314 285 1562 347 plausuque

160 358 437 404 discordante
454 375 545 403 non
567 359 726 419 potuit.
754 358 941 402 Bacchio
963 357 1192 413 creticum,
1214 367 1257 402 et
1278 373 1452 418 paeones
1469 357 1561 417 pri-

158 445 297 485 mum,
323 428 569 474 secundum
592 439 636 474 et
665 439 888 491 quartum.
916 427 1245 473 Palimbacchio
1269 438 1417 472 autem
1440 443 1561 472 eum-

158 501 260 545 dem
274 501 500 557 creticum,
528 511 571 546 et
593 517 769 562 paeones
791 501 985 562 primum
1007 509 1051 544 et
1069 500 1248 545 tertium
1272 509 1316 544 et
1334 510 1558 561 quartum,

159 572 206 616 in
230 572 500 633 temporibus
523 581 567 616 et
581 571 740 632 plausu
761 574 1028 617 concordare
1052 569 1334 615 manifestum
1351 580 1429 615 est.
1446 573 1562 629 Ergo

159 644 320 688 cretico
341 652 385 688 et
406 643 638 704 paeonibus
663 644 805 704 primo
827 653 871 688 et
893 653 1076 705 quarto,
1102 642 1314 704 quoniam
1337 651 1381 686 et
1402 658 1425 686 a
1447 643 1561 686 dua-

159 713 242 758 bus
260 723 304 757 et
325 730 349 758 a
371 714 513 759 tribus
536 715 809 775 temporibus
833 730 987 760 eorum
1007 714 1201 774 incipere
1225 711 1377 758 divisio
1400 722 1559 773 potest,

159 785 305 829 caeteri
322 801 472 829 01111105
494 785 681 846 quinum
704 795 953 846 temporum
980 784 1113 846 pedes
1141 793 1326 845 possunt
1358 784 1449 828 sine
1474 782 1564 827 ulla

159 854 480 901 claudicatione
509 856 720 916 copulari.
756 860 854 901 Jam
882 856 1061 901 illorum
1086 857 1163 918 qui
1192 872 1266 901 sex
1291 855 1564 916 temporibus

159 937 378 985 constant,
405 929 604 973 omnium
621 928 736 973 inter
753 945 796 973 50
817 929 978 972 miram
1000 929 1238 988 quamdam
1264 943 1354 972 esse
1377 942 1563 971 concor-

158 998 298 1055 diam,
329 1000 429 1044 satis
473 999 746 1060 disputatum
779 1010 857 1045 est.
886 999 1260 1061 Quandoquidem
1291 999 1355 1043 illi
1384 1014 1564 1060 quoque

159 1072 215 1116 ab
240 1071 333 1116 aliis
355 1072 402 1115 in
424 1071 678 1132 plaudendo
694 1088 786 1117 11011
808 1072 1048 1128 dissonant,
1075 1089 1185 1134 quos
1199 1072 1324 1116 aliter
1342 1070 1566 1116 dividico-

159 1142 222 1201 git
252 1142 446 1187 conditio
470 1142 741 1201 syllabarum
774 1164 784 1189 ;
811 1153 980 1188 tantam
1007 1144 1097 1188 vim
1128 1143 1264 1188 habet
1294 1158 1395 1187 cum
1419 1141 1565 1185 medio

157 1213 347 1258 laterum
370 1214 612 1276 aequalitas.
635 1220 771 1261 Porro
789 1226 1020 1277 septenum
1039 1226 1289 1276 temporum
1307 1213 1440 1275 pedes
1462 1229 1565 1257 cum

156 1285 244 1330 sint
268 1295 480 1347 quatuor,
505 1288 582 1348 qui
600 1288 763 1348 epitriti
787 1288 1089 1343 nominantur,
1115 1287 1307 1346 primum
1330 1295 1373 1328 et
1404 1299 1564 1328 secun-

156 1356 265 1402 dum
286 1358 464 1403 invenio
487 1358 570 1403 sibi
597 1374 723 1419 posse
747 1359 943 1420 copulari
967 1378 976 1398 ;
1008 1358 1242 1399 amborum
1271 1354 1389 1398 enim
1411 1355 1565 1416 div-isio

156 1429 312 1488 incipit
329 1448 353 1472 a
386 1431 527 1472 tribus
557 1429 855 1487 temporibus,
883 1426 1047 1472 idcirco
1071 1442 1152 1471 nec
1185 1427 1325 1487 spatio
1354 1427 1565 1488 temporis

156 1515 238 1545 nec
260 1499 420 1560 plausu
441 1498 671 1545 dissident.
693 1498 1060 1544 Rursuslibenter
1075 1499 1155 1544 sibi
1165 1501 1388 1561 juguntur
1410 1501 1565 1545 tertius

156 1580 202 1616 et
223 1581 437 1632 quartus,
461 1570 566 1633 quia
588 1580 777 1652 uterque
802 1572 848 1616 in
869 1570 1109 1616 dividendo
1142 1571 1297 1632 incipit
1325 1588 1349 1616 a
1370 1581 1564 1633 quatuor

158 1644 447 1704 temporibus,
472 1659 610 1705 quare
627 1653 672 1688 et
685 1643 930 1688 metiuntur
953 1653 998 1688 et
1014 1642 1290 1704 plauduntur
1310 1643 1560 1705 aequaliter.

158 1718 312 1760 Restat
333 1725 434 1760 octo
469 1714 721 1776 temporum
746 1730 823 1775 pes
851 1715 927 1776 qui
960 1714 1226 1776 dispondeus
1258 1725 1466 1772 vocatur,
1493 1716 1565 1760 cui

157 1786 270 1831 sicut
281 1787 538 1848 pyrrhichio
550 1803 630 1847 par
646 1785 796 1831 nullus
811 1795 890 1831 est.
907 1787 1053 1831 Habes
1065 1803 1089 1832 a
1102 1802 1173 1832 me
1194 1786 1317 1849 quod
1328 1787 1566 1848 poposcisti

157 1868 203 1903 et
224 1858 368 1904 facere
394 1859 536 1920 potui.
566 1863 701 1918 Perge
736 1859 792 1904 ad
824 1858 1006 1920 reliqua.
1030 1863 1093 1905 M.
1120 1860 1297 1904 Faciam
1324 1880 1333 1905 :
1367 1859 1445 1905 sed
1467 1869 1566 1920 post

158 1940 248 1975 tam
268 1929 456 1991 longum
473 1947 721 1976 sermonem
743 1931 1004 1991 respiremus
1028 1930 1371 1993 aliquantulum,
1398 1941 1442 1976 et
1461 1931 1564 1977 illo-

158 2019 257 2047 rum
267 2019 475 2048 versuum
492 2003 842 2060 meminerimus,
855 2020 966 2065 quos
981 2003 1090 2048 mihi
1103 2003 1419 2065 extemporales
1431 2003 1565 2065 paulo

160 2083 261 2120 ante
282 2073 375 2134 ipsa
389 2074 604 2118 lassitudo
621 2076 845 2134 suggessit,

255 2178 388 2227 Volo
407 2177 607 2225 tandem
626 2178 715 2224 tibi
724 2195 927 2240 parcaS,
953 2179 1095 2226 labor
1105 2191 1175 2227 est
1193 2183 1243 2227 in
1263 2181 1469 2241 chartis,

249 2250 322 2296 Et
358 2260 583 2311 apertum
607 2252 676 2295 ire
692 2267 787 2310 per
807 2267 959 2296 auras
983 2253 1201 2296 animam
1218 2255 1490 2313 permittas.

238 2321 433 2368 'Placet
455 2322 546 2368 lzoc·
570 2340 581 2367 .·
606 2339 726 2368 nam
746 2323 996 2384 sapienter
1015 2325 1258 2369 remittere
1281 2323 1522 2371 interdum

251 2395 302 2439 A
304 2395 428 2439 ciem
450 2392 590 2439 rebus
606 2392 812 2456 agendis
834 2392 1059 2439 (lecenter
1078 2396 1331 2442 intentam.

162 2507 215 2550 D.
242 2503 391 2551 Placet
408 2519 528 2561 sane,
552 2520 603 2550 ac
623 2502 815 2550 libenter
836 2504 1110 2565 obtempero.
