1888 3168
302 176 383 215 264
734 187 766 214 S.
804 189 1031 217 auersum
1066 190 1243 217 EPISCOP!

298 344 320 357 ἱ·
332 342 348 358 ’ἱ
354 343 418 357 nv*
425 342 435 358 Ι
443 342 471 358 X!
478 343 507 359 Tl
514 343 543 358 'n
550 344 579 359 ‘u
586 343 614 359 §l
621 343 685 360 Ἣυὶὶ
693 344 757 361 ἱῒὶὶ
764 344 1047 361 ΛΤΊῚᾹΊΛΧΦἈΑΨΚΊΜΊ
1053 346 1117 361 ἱΦὶἱ
1124 345 1225 361 νὶνζῖἰὶ
1231 346 1473 362 νὶιὶΝἱΨὯὶΊῐΜᾹΊ
1479 348 1609 364 ἉΝῚΨὶἸὶ
1617 350 1685 365 ννὶἲ

800 466 1016 516 CAPUT
1059 469 1124 516 X!
1142 471 1177 517 Ι.

772 613 955 659 Ριιησίί
976 614 1211 674 potentia.

352 751 474 794 XIX.
501 753 553 795 Α.
586 751 719 796 VmES
756 759 871 795 certe
902 750 1033 796 etiam
1051 760 1267 812 quantum
1299 750 1454 798 valeat.
1481 754 1590 799 Nam
1630 754 1686 798 ab

294 821 388 883 ipso
411 821 563 881 incipit
584 820 723 877 linea,
761 822 854 882 ipso
889 822 1169 881 terminatur,
1210 823 1396 883 figuram
1415 825 1541 880 rectis
1560 824 1687 869 lineis

295 892 462 937 nullam
483 892 681 939 videmus
704 894 796 937 ficri
818 909 964 954 posse,
986 894 1067 938 nisi
1084 894 1175 954 ipso
1198 894 1385 954 angulus
1421 894 1651 940 claudatur
1674 913 1683 940 ε

295 965 454 1009 deinde
472 964 783 1026 undecumque
815 967 948 1011 secari
969 965 1082 1011 linea
1106 976 1270 1027 potest,
1295 982 1372 1027 per
1406 967 1549 1026 ipsum
1570 982 1688 1012 seca-

294 1045 366 1080 tur
378 1073 392 1092 ,
413 1053 513 1082 cum
532 1037 673 1097 ipsum
689 1037 867 1082 omnino
882 1037 1049 1082 nullam
1067 1038 1112 1082 in
1136 1054 1180 1083 se
1197 1038 1399 1084 admittat
1416 1039 1652 1083 sectionem
1674 1055 1682 1080 ε

293 1106 415 1152 nulla
435 1107 547 1152 linea
566 1107 692 1152 lineae
705 1143 715 1163 ,
731 1108 812 1152 nisi
827 1124 907 1169 per
921 1108 1063 1168 ipsum
1079 1109 1324 1169 copulatur.
1345 1113 1569 1155 Postremo
1586 1124 1687 1154 cum

295 1180 463 1224 caeteris
484 1178 622 1240 planis
649 1180 798 1240 figuris
815 1182 946 1239 (nam
978 1180 1032 1225 de
1055 1181 1288 1226 altitudine
1319 1180 1463 1226 adhuc
1486 1180 1596 1226 nihil
1618 1180 1691 1225 di-

292 1251 433 1295 ximus
453 1256 466 1308 )
505 1267 599 1295 eam
649 1252 991 1312 praeponendam
1031 1253 1139 1297 ratio
1182 1251 1543 1298 demonstraverit
1589 1267 1690 1312 quse

292 1322 456 1365 circulo
474 1321 721 1378 clauditur,
762 1332 941 1383 propter
975 1339 1191 1368 summam
1228 1324 1552 1385 aequalitatem,
1590 1338 1692 1384 quae

294 1391 376 1436 alia
410 1393 545 1452 ipsius
566 1392 826 1454 {equalitatis
859 1394 1103 1438 moderatio
1140 1405 1225 1448 est,
1251 1411 1384 1453 quam
1407 1404 1623 1453 punctum
1644 1394 1691 1437 in

293 1463 438 1508 medio
456 1464 745 1509 constitutum
759 1465 776 1508 Ξ)
790 1462 929 1507 Multa
947 1462 1002 1507 de
1014 1464 1144 1523 liujus
1161 1463 1356 1523 potentia
1380 1462 1465 1506 dici
1487 1472 1686 1523 possunt,

290 1534 365 1578 sed
384 1535 573 1580 adhibeo
589 1534 773 1580 modum
787 1571 802 1592 ,
819 1544 863 1579 et
884 1535 964 1579 tibi
979 1535 1059 1595 ipsi
1072 1535 1304 1593 cogitanda
1319 1533 1445 1595 plura
1462 1535 1686 1594 permitto.

292 1608 344 1649 E.
373 1607 483 1649 Sane
505 1615 555 1648 ut
585 1605 760 1648 videtur
787 1625 794 1647 t
823 1622 912 1650 non
934 1606 1049 1649 enim
1073 1621 1144 1650 me
1172 1607 1392 1666 requirere
1424 1606 1618 1666 pigebit,
1656 1606 1690 1650 si

291 1675 399 1737 quid
418 1674 549 1719 fuerit
572 1675 798 1719 obscurius
817 1692 826 1720 :
852 1690 983 1718 cerno
1006 1684 1153 1719 autem
1175 1676 1451 1719 mediocriter
1467 1710 1478 1730 ,
1495 1684 1545 1719 ut
1562 1685 1687 1736 puto,

291 1762 496 1805 magnam
519 1747 650 1806 hujus
669 1746 777 1804 signi
791 1761 880 1789 esse
897 1747 1153 1805 potentiam.

353 1819 453 1861 XX.
480 1820 532 1862 Α.
558 1820 685 1863 Nunc
708 1832 811 1876 ergo
833 1815 943 1860 illud
977 1816 1178 1871 attende,
1211 1832 1313 1861 cum
1336 1826 1378 1861 et
1401 1816 1508 1878 quid
1528 1817 1582 1861 sit
1604 1818 1689 1876 sig-

294 1903 416 1941 num,
435 1897 478 1931 et
492 1887 600 1948 quid
614 1888 668 1931 sit
680 1886 929 1946 longitudo,
947 1886 1110 1947 etquid
1124 1887 1178 1932 sit
1192 1886 1380 1931 latitudo
1397 1888 1688 1948 perspexeris,

293 1958 401 2021 quid
416 1960 575 2003 horum
597 1959 677 2002 tibi
704 1956 906 2003 videatur
921 1958 1098 2003 alterius
1114 1994 1125 2014 ,
1147 1968 1190 2002 et
1212 1961 1337 2020 cujus
1358 1958 1577 2018 indigere,
1599 1960 1690 2004 sine

292 2047 381 2092 quo
405 2046 495 2075 esse
516 2046 606 2075 non
622 2030 774 2090 possit.
808 2032 860 2074 E.
882 2029 1023 2074 Video
1047 2030 1169 2091 quod
1192 2029 1383 2075 latitudo
1412 2030 1690 2089 longitudine

292 2102 516 2161 indigeat,
546 2102 637 2146 sine
654 2117 739 2162 qua
769 2117 944 2161 prorsus
981 2100 1165 2160 intelligi
1205 2117 1294 2146 non
1329 2110 1486 2161 potest„
1522 2105 1690 2146 Rursus

293 2174 617 2233 longitudinem
644 2189 775 2218 cerno
810 2173 1042 2218 latitudine
1074 2174 1254 2235 quidem
1287 2190 1378 2219 non
1421 2173 1618 2233 indigere
1639 2184 1689 2218 ut

292 2247 371 2301 sit,
397 2245 473 2290 sed
488 2246 579 2290 sine
601 2246 722 2304 signo
740 2244 816 2289 illo
838 2260 928 2289 esse
946 2261 1035 2290 non
1054 2261 1193 2305 posse.
1221 2245 1339 2289 Illud
1353 2254 1501 2290 autem
1514 2246 1689 2304 signum

293 2333 371 2378 per
398 2317 678 2377 semetipsum
696 2332 785 2361 esse
808 2325 850 2360 et
872 2316 1035 2361 nullius
1059 2318 1215 2361 horum
1232 2315 1454 2375 indigere,
1483 2314 1690 2361 manifes-

293 2398 388 2433 tum
417 2397 494 2432 est.
521 2392 573 2433 Α.
616 2391 680 2432 Ita
708 2397 772 2432 est
808 2397 858 2432 ut
880 2388 984 2433 dicis
1011 2408 1020 2434 ι
1051 2387 1127 2432 sed
1150 2387 1400 2446 diligentius
1432 2386 1655 2432 considera
1673 2423 1685 2445 ,

290 2469 440 2504 utrum
471 2459 659 2504 latitudo
696 2475 796 2504 vere
819 2459 1018 2520 undique
1041 2459 1173 2503 secari
1211 2469 1360 2519 queat,
1400 2474 1456 2503 an
1484 2457 1686 2503 alicunde

294 2547 372 2575 nec
389 2532 475 2590 ipsa
491 2531 722 2574 sectionem
741 2531 871 2590 possit
891 2530 1119 2575 admittere
1131 2565 1142 2579 ,
1157 2530 1354 2590 quamvis
1368 2529 1466 2588 plus
1480 2527 1681 2573 admittat
