1888 3168
655 186 710 213 nr.
741 182 897 212 musrcA
933 184 1014 212 Lm.
1051 183 1110 212 lv.
1500 172 1582 211 427

191 266 291 302 tuor
308 255 580 317 temporibus
599 253 805 315 anapaesti
821 253 1017 313 perficiat
1038 268 1110 297 sex
1135 261 1345 313 tempora,
1368 267 1467 313 quae
1484 267 1586 296 eum

192 328 387 374 diiambo
404 326 687 382 conveniunt,
709 341 760 370 ex
779 340 868 388 quo
888 324 1106 384 intelligas
1122 323 1239 380 licet,
1260 333 1404 385 partes
1421 324 1587 385 pedum

190 417 281 446 non
302 399 445 446 solum
467 400 512 444 in
534 400 623 444 fine
648 398 777 460 poni,
816 397 893 443 sed
924 396 1055 442 etiam
1077 396 1124 440 in
1147 396 1289 458 capite
1325 405 1584 443 metrorum.

190 477 242 519 D.
269 476 366 519 Jam
388 470 603 531 intelligo.

249 548 393 591 XVII.
429 546 489 589 M.
513 543 652 600 Quid,
676 544 710 589 si
732 544 906 589 demam
929 557 1065 588 unam
1088 541 1292 587 ultimam
1312 541 1513 602 longam,
1537 551 1589 588 ut

190 616 277 663 tale
319 617 375 662 sit
411 625 601 661 metrum
619 651 630 672 ,
671 614 870 679 segetes
914 631 1048 660 meus
1081 612 1223 660 labor
1248 631 1260 659 .·
1296 630 1444 659 nonne
1492 615 1588 659 ani-

190 687 426 734 madvertis
447 704 550 733 cum
571 686 743 733 silentio
756 687 1211 748 duorum‘temporum
1233 686 1400 748 repeti?
1417 688 1482 732 Ex
1499 702 1588 748 quo

189 762 470 807 manifestum
492 770 581 817 est,
607 770 651 805 et
673 760 864 822 aliquam
884 770 1054 822 partem
1069 759 1193 821 pedis
1215 775 1341 820 posse
1361 759 1406 803 in
1424 759 1588 820 princi-

189 834 264 895 pio
280 833 407 878 metri
428 832 562 893 poni,
588 841 631 877 et
648 832 840 893 aliquam
858 833 903 877 in
920 833 1032 888 fine,
1054 841 1097 876 et
1118 830 1312 893 aliquam
1333 832 1379 875 in
1398 830 1584 876 silentio.

189 909 242 953 D.
268 907 327 950 Et
346 905 430 949 hoe
451 903 734 949 manifestum
761 912 839 948 est.
871 906 932 949 M.
961 903 1045 949 Sed
1065 903 1148 948 1100
1171 903 1265 947 fieri
1287 903 1321 948 si
1339 901 1589 947 dichorium

191 976 380 1022 metiaris
403 976 624 1035 integrum
648 976 693 1020 in
712 976 797 1020 hoc
820 984 961 1020 metro
988 993 998 1020 t
1024 990 1126 1019 nam
1149 975 1182 1019 si
1206 973 1473 1029 diiambum,
1502 983 1545 1018 et
1567 990 1590 1019 a

191 1049 332 1110 capite
357 1057 600 1108 anapaestus
626 1056 842 1107 ponatur,
863 1046 1002 1091 cernis
1020 1055 1188 1107 partem
1211 1044 1332 1106 pedis
1355 1046 1401 1089 in
1422 1045 1588 1106 prinei-

190 1121 264 1182 pio
281 1120 485 1181 positam,
502 1135 601 1180 quae
619 1119 755 1163 habet
770 1119 861 1179 jam
883 1127 1073 1180 quatuor
1090 1127 1286 1178 tempora
1304 1137 1312 1163 :
1330 1117 1420 1162 duo
1443 1126 1589 1162 autem

190 1207 289 1253 quae
312 1191 553 1247 debentur,
595 1189 778 1235 silentur
800 1190 845 1234 in
873 1190 976 1234 fine.
1017 1192 1083 1235 Ex
1113 1206 1202 1251 quo
1233 1189 1437 1234 discimus
1464 1204 1590 1250 posse

189 1273 381 1309 metrum
396 1263 588 1324 incipere
610 1279 633 1307 a
651 1271 773 1322 parte
795 1261 934 1322 pedis,
954 1270 998 1306 et
1021 1261 1217 1306 desinere
1232 1260 1287 1306 ad
1304 1260 1488 1322 plenum
1509 1276 1590 1321 pe-

190 1334 308 1391 dem,
327 1334 403 1380 sed
421 1349 651 1395 nunquam
669 1333 760 1379 sine
777 1332 964 1377 silentio.
977 1335 1029 1377 D.
1042 1335 1099 1377 Et
1113 1333 1198 1378 hoe
1211 1334 1494 1394 perspicuum
1507 1342 1586 1377 est.

249 1408 418 1451 XVIII.
439 1408 500 1451 M.
519 1404 654 1460 Quid,
673 1405 758 1450 1100
778 1414 970 1449 metrum
990 1413 1198 1465 potes-ne
1220 1406 1364 1451 metiri
1386 1415 1430 1450 et
1447 1404 1591 1450 dicere

190 1478 352 1540 quibus
373 1477 561 1539 pedibus
579 1485 750 1522 constet
774 1495 783 1523 ε

310 1571 348 1617 J
347 1586 431 1617 am
453 1572 574 1616 ..ratis
597 1572 737 1616 terris
758 1572 901 1628 nivis,
932 1579 1080 1631 atque
1103 1570 1222 1617 dirce

317 1640 587 1688 Grandinis
609 1642 739 1687 misit
754 1650 924 1703 pater,
949 1650 997 1687 et
1017 1641 1215 1692 rubente

311 1713 537 1761 Dextera
558 1730 730 1760 sacras
741 1713 997 1778 jaculatus
1020 1730 1159 1760 arces
1173 1710 1223 1759 ¹?

191 1814 244 1857 D.
277 1813 459 1856 Possum
486 1810 751 1855 constituere
779 1811 825 1854 in
853 1810 994 1872 capite
1032 1811 1243 1856 creticum
1260 1845 1271 1866 ,
1296 1819 1342 1855 et
1365 1809 1476 1855 duos
1499 1825 1592 1854 me-

191 1883 263 1927 tiri
295 1882 487 1944 reliquos
525 1896 678 1927 senum
712 1891 961 1943 temporum
983 1882 1139 1943 pedes,
1173 1898 1314 1927 unum
1352 1882 1544 1928 ionicum
1567 1898 1590 1927 a

191 1956 379 2016 majore,
400 1953 587 1998 alterum
609 1953 855 1999 dichorium
871 1990 882 2011 ,
908 1964 951 2012 et
973 1954 1097 1999 silere
1114 1970 1255 1999 unum
1277 1963 1449 2016 tempus
1471 1955 1593 2016 quod

194 2026 446 2087 adjungitur
463 2025 623 2070 cretico
645 2035 696 2070 ut
718 2041 789 2070 sex
812 2035 1010 2087 tempora
1033 2025 1353 2086 compleantur.
1379 2029 1440 2072 M.
1467 2029 1592 2072 Non-

193 2097 304 2143 nihil
340 2096 483 2143 defuit
506 2097 843 2143 considerationi
870 2108 957 2142 tuae
990 2118 998 2144 ε
1024 2114 1127 2143 nam
1159 2114 1261 2143 eum
1282 2098 1504 2144 dichorius
1528 2107 1592 2143 est

193 2171 240 2215 in
262 2170 366 2225 fine,
387 2178 578 2214 restante
601 2168 790 2225 silentio,
815 2169 969 2214 ultima
991 2170 1098 2231 ejus,
1120 2187 1220 2232 quae
1243 2171 1385 2216 brevis
1408 2180 1486 2227 est,
1510 2186 1592 2231 pro

194 2241 326 2300 longa
349 2241 559 2301 accipitur
581 2260 589 2286 :
618 2257 673 2285 an
694 2241 779 2286 hoe
797 2241 1008 2301 negabis?
1031 2246 1081 2287 D.
1109 2246 1203 2288 Imo
1225 2242 1380 2288 fateor.
1406 2245 1467 2288 M.
1493 2245 1591 2288 Non

196 2328 300 2372 ergo
323 2312 528 2356 constitui
552 2312 679 2357 decet
698 2313 743 2356 in
766 2313 853 2357 fine
876 2313 1144 2370 dichorium,
1166 2315 1247 2359 nisi
1263 2314 1386 2359 nullo
1404 2314 1449 2358 in
1471 2330 1592 2374 repe-

196 2384 352 2428 titione
374 2394 671 2445 consequente
704 2384 876 2429 silentio
892 2421 903 2441 ,
932 2401 987 2430 ne
1015 2402 1105 2431 non
1128 2388 1219 2447 jam
1242 2386 1487 2442 dichorius,
1517 2385 1592 2430 sed

197 2454 397 2515 epitritus
418 2454 636 2500 secundus
658 2453 884 2501 sentiatur.
902 2459 954 2502 D.
976 2456 1259 2503 Manifestum
1278 2467 1356 2503 est.
1383 2461 1443 2505 M.
1471 2461 1592 2512 Quo-

249 2560 257 2575 ¹
276 2553 425 2584 Horatius
448 2564 476 2585 ῐ.
494 2553 687 2586 Carminum.
