1888 3168
583 188 708 216 anu
741 187 795 215 1111
828 180 1106 223 ommni-Am
1140 184 1303 216 11111113.
1554 174 1634 216 311

239 268 361 299 1111116
396 252 621 315 quomodo
635 253 775 297 frusta
793 251 887 311 ipsa
907 249 1117 310 corporis,
1134 265 1236 296 cum
1257 250 1403 297 anima
1414 260 1532 298 secta
1551 267 1645 298 non

235 326 307 383 sit,
333 326 480 372 vivere
500 325 683 386 possint.
709 326 809 368 Jam
826 323 944 367 enim
972 322 1238 379 concessisti,
1263 331 1307 367 et
1324 331 1457 381 recte,
1477 332 1529 370 ut
1544 324 1645 387 opi—-

235 413 334 455 nor,
350 396 720 458 significationem
737 411 837 457 quae
852 394 978 456 quasi
993 394 1137 440 anima
1152 393 1249 440 soni
1261 402 1342 451 est,
1359 395 1468 440 dum
1480 411 1646 442 nomen

238 471 400 527 editur,
426 485 504 531 per
528 484 572 514 se
594 470 733 529 ipsam
763 468 890 514 nullo
921 477 1051 529 pacto
1080 466 1218 514 dividi
1246 483 1394 529 posse,
1425 484 1529 514 cum
1555 470 1648 532 ipse

242 558 391 598 sonus,
417 540 540 603 quod
560 539 684 587 velut
704 556 862 602 corpus
880 541 973 603 ejus
994 549 1074 596 est,
1100 540 1248 600 possit.
1276 539 1362 586 Sed
1382 540 1430 586 in
1451 541 1552 586 solis
1565 558 1647 588 no-

244 615 362 658 mine
377 613 438 658 ita
459 613 555 659 soni
577 623 642 658 est
664 611 779 659 facta
792 613 965 670 divisio,
985 621 1037 658 ut
1057 611 1180 658 nulla
1201 628 1300 674 pars
1318 613 1410 674 ejus
1430 613 1649 673 significa-

243 686 409 731 tionem
437 685 631 747 aliquam
656 686 878 731 retineret.
907 689 1061 747 Itaque
1093 684 1189 730 illas
1221 685 1386 730 litteras
1410 684 1649 733 dilacerato

242 772 426 818 corpore
444 757 651 814 nominis,
678 767 891 819 tanquam
909 757 1108 802 exanima
1124 756 1342 813 membra,
1355 755 1403 802 id
1424 766 1505 814 est,
1522 759 1651 819 signi-

241 829 448 875 ficatione
462 830 656 875 carentia
673 829 1077 875 considerabamus.
1103 828 1402 888 Quamobrem
1423 829 1457 874 si
1470 828 1652 891 aliquod

241 917 407 947 nomen
428 901 748 958 invenerimus,
778 901 901 963 quod
929 900 1119 946 divisum
1156 910 1291 963 queat
1312 901 1446 946 etiam
1471 900 1652 961 singulis

241 973 442 1035 partibus
463 973 693 1036 quidpiam
714 973 975 1034 significare,
995 972 1211 1018 concedas
1235 981 1425 1035 oportet,
1451 989 1543 1019 non
1561 990 1653 1020 om-

241 1044 467 1091 nimodam
490 1045 631 1091 veluti
642 1054 831 1091 mortem
853 1044 931 1090 tali
954 1044 1210 1106 praecisione
1231 1043 1393 1090 factam
1407 1060 1497 1090 esse
1514 1082 1526 1102 ,
1550 1062 1655 1091 cum

241 1117 322 1163 tibi
333 1117 532 1162 membra
547 1117 783 1178 separatim
799 1116 1075 1163 considerata
1096 1116 1221 1179 quod
1242 1117 1352 1163 libet
1365 1118 1653 1177 significantia

240 1200 285 1235 et
311 1190 438 1252 quasi
460 1190 671 1251 spirantia
693 1189 982 1235 videbuntur.
1001 1192 1053 1235 E.
1067 1188 1320 1237 Concedam
1333 1190 1532 1247 omnino,
1548 1200 1591 1236 et
1602 1200 1653 1236 ut

234 1264 326 1324 jam
340 1262 532 1324 idipsum
554 1279 697 1320 sones,
718 1263 886 1323 flagito.
913 1265 966 1309 Α.
993 1262 1156 1323 Accipe
1174 1277 1301 1308 :nam
1323 1261 1432 1307 dum
1446 1263 1653 1308 viciniam

239 1334 340 1380 solis
364 1334 546 1381 attendo
564 1371 575 1392 ,
601 1335 656 1380 de
685 1337 809 1396 cujus
832 1335 1012 1380 nomine
1035 1335 1237 1395 superius
1258 1334 1425 1394 egimus
1440 1370 1452 1391 ,
1481 1333 1657 1399 lucifer

238 1406 347 1449 mihi
371 1406 581 1462 occurrit,
600 1406 677 1467 qui
695 1404 897 1467 profecto
916 1406 1031 1450 inter
1042 1405 1283 1451 secundam
1306 1415 1349 1451 ct
1370 1405 1546 1451 tertiam
1563 1405 1653 1465 syl-

237 1476 386 1522 labam
425 1478 596 1533 scissus,
624 1477 830 1523 nonnihil
853 1478 987 1538 priori
1010 1487 1135 1539 parte
1157 1479 1386 1537 significat,
1412 1473 1516 1524 cum
1538 1477 1651 1524 dici-

237 1564 336 1594 mus
360 1548 469 1605 lucz',
497 1559 541 1595 et
562 1550 662 1595 ideo
683 1550 728 1594 111
758 1550 844 1595 1106
871 1550 971 1610 plus
990 1566 1126 1611 quam
1150 1550 1336 1596 dimidio
1360 1566 1544 1611 corpore
1566 1567 1651 1597 no-

238 1621 368 1665 minis
389 1622 513 1667 vivit.
539 1624 748 1666 Extrema
771 1621 903 1665 etiam
926 1637 1025 1681 pars
1047 1621 1184 1666 habet
1196 1623 1387 1667 animam
1405 1642 1414 1669 :
1431 1639 1535 1668 nam
1549 1639 1651 1668 cum

239 1692 352 1737 ferre
369 1693 538 1754 aliquid
554 1694 740 1753 juberis,
761 1693 876 1737 hanc
895 1692 1036 1737 audis.
1063 1694 1150 1746 Qui
1177 1694 1296 1738 enim
1313 1710 1458 1754 posses
1482 1695 1656 1740 obtem-

237 1780 406 1826 perare,
428 1765 461 1809 si
480 1765 576 1826 quis
591 1765 672 1809 tihi
686 1765 851 1809 diceret
872 1784 881 1809 2
906 1769 986 1809 Fer
1009 1764 1224 1821 codicem,
1246 1765 1280 1809 si
1302 1765 1415 1811 nihil
1429 1766 1652 1827 significa-

238 1837 442 1901 retfer,·
463 1836 585 1898 quod
602 1852 706 1881 cum
730 1835 910 1882 additur
933 1836 1049 1893 luci,
1080 1836 1257 1901 luczfer
1274 1847 1416 1894 sonat,
1443 1847 1486 1883 et
1515 1838 1653 1898 signi-

238 1910 341 1955 ficat
357 1908 529 1954 stellam
552 1929 561 1954 z
590 1925 694 1953 cum
727 1918 876 1954 autem
893 1907 1103 1965 demitur,
1129 1910 1336 1955 nonnihil
1352 1910 1583 1971 significat,
1609 1922 1654 1958 61

239 1981 297 2026 01)
318 1981 404 2026 1106
426 1980 551 2042 quasi
571 1981 732 2025 retinet
751 1981 904 2026 vitam.

298 2054 504 2097 LXVIII.
523 2054 638 2097 Cum
656 2061 805 2096 autem
828 2051 951 2097 locus
966 2061 1010 2097 et
1027 2062 1203 2114 tempus
1225 2053 1296 2110 sit,
1317 2053 1481 2115 quibus
1502 2056 1651 2103 omnia

238 2141 340 2186 quae
370 2125 637 2181 sentiuntur,
673 2134 964 2186 occupantur,
996 2125 1068 2171 vel
1097 2126 1243 2187 potius
1274 2143 1376 2189 quae
1409 2139 1648 2190 occupant,

238 2198 362 2259 quod
384 2197 521 2243 oculis
541 2198 753 2242 sentimus
768 2213 848 2258 per
861 2197 1028 2254 locum,
1046 2198 1170 2260 quod
1185 2199 1365 2244 auribus
1382 2215 1462 2261 per
1475 2209 1652 2262 tempus
1719 2214 1734 2224 ‘

239 2269 469 2315 dividitur.
497 2272 555 2315 Ut
587 2270 704 2314 enim
738 2270 1006 2315 vermiculus
1038 2269 1111 2315 ille
1133 2271 1232 2332 plus
1262 2270 1348 2317 loci
1377 2281 1496 2318 totus
1517 2289 1652 2335 quam

239 2358 339 2404 pars
361 2344 454 2403 ejus
474 2343 735 2404 occupabat,
762 2343 822 2388 113
853 2344 1065 2405 majorem
1087 2344 1295 2405 temporis
1316 2360 1484 2391 moram
1507 2355 1647 2403 tenet,

240 2430 343 2459 cum
369 2413 736 2477 lucfferdicitur,
762 2431 895 2476 quam
921 2416 955 2460 si
976 2415 1066 2461 luci
1081 2415 1392 2463 tantummodo
1410 2417 1645 2463 diceretur.

240 2489 386 2540 Quare
409 2485 444 2530 si
465 2486 550 2531 hoc
581 2486 898 2546 significatione
920 2487 1029 2532 vivit
1058 2487 1105 2532 in
1133 2504 1182 2533 ea
1207 2487 1502 2535 diminutione
1534 2499 1649 2535 tem-

239 2558 373 2619 poris,
399 2575 500 2619 quae
523 2557 662 2604 diviso
686 2558 763 2604 illo
794 2575 901 2606 sono
932 2558 1045 2605 facta
1070 2569 1150 2613 est,
1177 2575 1277 2605 cum
1301 2560 1456 2607 eadem
1478 2561 1647 2621 signifi-
