1852 3163
225 174 303 213 194
644 189 675 215 s.
713 189 942 217 Aucus'rim
976 192 1155 218 EPiscoPi

216 252 371 295 liniant
392 252 609 297 citissime.
634 258 684 298 ln
705 256 824 299 omni
846 271 949 300 vero
972 266 1200 301 contractu
1223 266 1353 317 atque
1377 274 1605 304 conversa-

215 322 333 366 tione
355 339 456 367 cum
473 323 745 381 hominibus,
773 326 872 370 satis
895 336 958 371 est
979 343 1148 372 servare
1169 344 1309 372 unum
1323 329 1407 373 hoc
1424 328 1605 389 vulgare

210 393 493 451 proverbium
519 414 528 439 z
563 396 733 440 Nemini
756 396 918 441 faciant
951 397 1072 458 quod
1093 400 1182 458 pati
1202 398 1375 444 nolunt.
1404 403 1604 460 'Rempu-

210 462 371 509 blicam
394 465 536 510 nolint
559 465 861 511 administrare
878 503 889 522 ,
929 467 1010 512 nisi
1032 468 1228 527 perfecti.
1272 471 1425 515 Persici
1456 480 1603 515 autem

209 535 279 579 vel
297 536 409 580 intra
433 545 606 580 aetatem
627 539 888 582 senatoriam
904 538 1138 595 festinent,
1162 540 1233 585 vel
1253 551 1369 586 certe
1394 541 1507 586 intra
1531 542 1605 602 ju-

210 615 452 651 ventutem.
480 607 566 652 Sed
599 608 795 669 quisquis
817 624 911 654 sero
946 609 1002 654 ad
1023 610 1102 655 ista
1124 626 1168 655 se
1195 613 1481 668 converterit,
1513 628 1606 657 non

210 678 444 722 arbitretur
481 678 591 722 nihil
627 679 711 724 sibi
742 696 832 725 esse
865 691 1137 742 praeceptum
1175 702 1183 727 :
1211 698 1315 727 nam
1349 683 1430 728 ista
1451 684 1604 744 utique

203 748 373 794 facilius
397 748 577 795 decocta
589 760 715 795 aetate
733 752 937 797 servabit.
967 756 1020 797 In
1036 754 1157 798 omni
1173 763 1322 798 autem
1344 754 1456 810 vita,
1481 753 1600 809 loeo,

206 828 423 881 tempore,
450 822 610 867 amicos
633 832 710 867 aut
734 823 947 880 habeant,
977 833 1054 869 aut
1069 824 1233 869 habere
1256 826 1436 869 instent.
1462 824 1604 869 Obse—

205 902 400 953 quantur
434 893 577 953 dignis
600 894 732 939 etiam
762 911 854 940 11011
884 896 968 941 hoc
1002 896 1348 957 expectantibus.
1383 897 1605 957 Superbos

203 964 347 1010 minus
369 975 549 1022 curent,
572 966 752 1011 minime
775 966 876 1011 sint<
902 971 1016 1028 Apte
1039 977 1421 1029 congruenterque
1435 968 1600 1013 vivant.

205 1039 347 1081 Deum
387 1036 561 1093 colant,
601 1038 821 1097 cogitent,
862 1049 1088 1099 quaerant,
1114 1040 1225 1095 fide,
1257 1056 1357 1100 spe,
1393 1039 1604 1085 charitate

204 1107 391 1153 subnixi.
435 1110 601 1169 Optent
630 1109 1017 1172 tranquillitatem,
1057 1121 1189 1173 atque
1220 1120 1391 1156 certum
1426 1126 1604 1156 cursum

205 1177 358 1224 studiis
399 1179 509 1237 suis,
550 1181 838 1243 omniumque
870 1183 1116 1239 sociorum,
1151 1192 1194 1228 01
1226 1183 1309 1227 51111
1349 1183 1604 1245 quibusque

201 1262 385 1314 possunt
402 1261 597 1299 mentem
624 1254 788 1300 bonam
809 1266 1104 1319 pacatamque
1130 1256 1282 1302 vitam.

205 1414 1597 1434 mmmmmmmmmmmmmmmmmmm

725 1542 944 1593 CAPUT
980 1545 1069 1592 IX.

203 1691 290 1739 Ad
328 1690 610 1738 discendam
650 1693 943 1737 auctoritate
976 1688 1198 1736 ducimur
1231 1698 1278 1735 et
1315 1689 1519 1735 ratione.
1544 1716 1603 1725 —

649 1764 935 1810 Auctoritas
957 1761 1152 1823 duplex.

260 1903 423 1946 XXVI.
461 1903 683 1955 SEQUITUR
710 1909 762 1944 ut
794 1899 939 1945 dicam
972 1897 1197 1960 quomodo
1224 1896 1602 1956 studiosi-erudiri

201 1972 393 2017 debeant
408 2009 418 2028 ,
442 1972 518 2033 qui
538 1972 650 2016 sicut
667 1970 837 2016 dictum
860 1980 924 2015 est
940 1971 1084 2014 vivere
1102 1970 1398 2013 instituerunt.
1418 1969 1488 2013 Ad
1509 1968 1600 2013 dis-

200 2044 391 2090 cendum
414 2044 521 2088 item
548 2042 788 2087 necessario
811 2040 1046 2102 dupliciter
1079 2040 1283 2085 ducimur
1299 2075 1310 2095 ,
1342 2040 1600 2084 auctoritate

202 2126 333 2178 atque
355 2115 538 2160 ratione.
562 2117 774 2174 Tempore
807 2112 1064 2168 auctoritas,
1089 2127 1135 2156 re
1167 2120 1316 2155 autem
1348 2110 1458 2155 ratio
1480 2111 1599 2171 prior

200 2197 279 2232 est.
305 2186 440 2232 Aliud
459 2196 523 2231 051
544 2186 657 2230 0111111
667 2222 682 2242 ,
714 2185 835 2246 quod
856 2185 903 2228 in
920 2183 1091 2243 agendo
1129 2182 1436 2242 anteponitur,
1477 2181 1599 2227 aliud

199 2260 321 2322 quod
341 2259 478 2320 pluris
512 2259 558 2302 in
597 2256 844 2318 appetendo
873 2257 1124 2300 aestimatur.
1155 2258 1309 2315 Itaque
1343 2269 1599 2315 quanquam

198 2333 417 2377 bonorum
439 2330 673 2375 auctoritas
710 2328 924 2388 imperitae
956 2326 1231 2371 multitudini
1268 2324 1471 2370 videatur
1507 2332 1597 2369 esse

197 2404 435 2459 salubrior,
478 2403 587 2448 13110
608 2417 712 2447 vero
737 2400 877 2460 aptior
906 2398 1086 2443 eruditis
1113 2418 1122 2443 ε
1147 2406 1295 2442 13111011
1319 2397 1423 2458 quia
1445 2394 1596 2441 nullus

198 2476 429 2521 hominum
446 2474 528 2518 nisi
550 2490 601 2518 ex
632 2471 834 2531 imperito
858 2470 1024 2531 peritus
1046 2469 1095 2513 sit
1109 2505 1119 2524 ,
1161 2467 1309 2512 nullus
1338 2477 1485 2512 autem
1506 2467 1593 2511 im-

198 2548 364 2609 peritus
402 2546 523 2592 novit
557 2543 732 2607 qualem
767 2559 811 2588 50
845 2541 1003 2588 debeat
1025 2541 1222 2602 praebere
1242 2539 1522 2595 docentibus,
1548 2548 1591 2583 et
