1888 3168
519 211 641 236 LinEn
676 211 729 236 DE
762 211 1121 238 ΙΜΜΟΠΤΑΜΤΛΤΕ
1155 211 1319 240 AMMAE.
1532 204 1617 241 2-29

220 277 281 335 gis
305 285 389 332 est,
415 292 467 321 eo
490 276 709 337 quidquid
739 277 820 321 sibi
858 278 1142 338 conjungitur
1162 279 1265 324 facit
1288 290 1337 324 ut
1363 281 1438 337 sit,
1466 281 1537 325 cui
1558 281 1618 325 rei

219 349 462 395 contrarius
483 358 547 393 est
585 349 801 394 interitus.
840 349 1079 394 Voluntate
1111 361 1258 396 autem
1281 353 1476 397 animum
1499 369 1617 414 sepa-

219 421 303 465 rari
321 437 343 465 a
361 421 530 465 ratione
551 436 643 465 non
665 421 793 466 nimis
817 421 1005 466 absurde
1028 423 1124 483 quis
1153 422 1359 478 dicei-eff,
1397 425 1431 468 si
1450 424 1541 469 ulla
1562 425 1618 470 ab

219 492 408 537 invicem
441 492 656 552 separatio
691 502 838 553 posset
870 508 959 537 esse
982 509 1130 538 rerum
1152 510 1259 555 quas
1294 511 1385 539 non
1423 496 1621 540 continet

218 563 355 609 locus.
383 563 514 618 Quod
536 563 717 625 quidem
732 564 816 610 dici
833 565 1037 610 adversus
1056 566 1201 610 omnia
1220 566 1440 626 superiora
1458 576 1617 627 potest,

218 636 381 697 quibus
432 635 535 680 alias
573 636 941 682 contradictiones
981 638 1281 697 opposuimus.
1330 638 1448 692 Quid
1491 640 1623 698 ergo?

218 710 397 752 Jam-ne
429 707 787 753 concludendum
822 718 886 753 est
934 710 1131 753 animum
1171 725 1260 754 esse
1290 709 1621 755 immortalem?

217 782 287 823 An
315 779 446 824 etiam
484 779 518 824 si
548 779 736 839 separari
765 796 854 824 non
883 789 1053 840 potest,
1088 780 1283 840 extingui
1315 783 1485 841 potest?
1507 784 1565 826 At
1587 781 1621 826 si

217 851 291 896 illa
311 851 490 896 rationis
513 851 576 895 vis
596 852 687 911 ipsa
710 867 786 896 sua
810 852 1125 913 conjunctione
1147 853 1281 898 aflicit
1299 853 1495 897 animum
1515 889 1523 909 ,
1543 868 1621 897 ne-

216 939 303 984 que
332 923 450 968 enim
482 940 572 968 non
595 924 768 968 allicere
804 934 972 984 potest,
1005 924 1063 969 ita
1092 925 1292 985 profecto
1325 926 1459 971 afficit
1488 935 1538 970 ut
1560 925 1620 970 eis

214 1012 304 1041 esse
321 996 500 1041 tribuat.
528 999 606 1040 Est
622 996 738 1040 enim
757 997 1044 1057 maximeipsa
1059 998 1184 1053 ratio,
1206 999 1285 1042 ubi
1299 1014 1468 1043 summa
1486 998 1618 1042 etiam

215 1067 632 1113 incommutabilitas
653 1068 928 1127 intelligitur.
945 1072 1099 1130 Itaque
1121 1085 1239 1125 eum,
1257 1086 1389 1131 quem
1413 1086 1462 1114 ex
1485 1086 1529 1115 56
1552 1069 1620 1114 af-

215 1139 327 1194 ficit,
354 1139 472 1198 cogit
495 1155 584 1183 esse
606 1138 801 1200 quodam
824 1139 971 1184 modo.
997 1143 1095 1186 Non
1119 1156 1221 1201 ergo
1237 1142 1432 1200 extingui
1450 1142 1621 1186 animus

215 1221 385 1272 potest,
424 1211 505 1255 nisi
530 1228 553 1255 a
573 1212 741 1256 ratione
763 1222 1002 1272 separatus.
1035 1214 1403 1278 Separari-autem
1427 1229 1517 1258 non
1539 1229 1621 1273 po-

215 1292 320 1340 test,
351 1292 402 1328 ut
426 1299 556 1344 supra
580 1283 827 1329 ratiocinati
853 1300 1019 1329 sumus.
1048 1287 1147 1330 Non
1174 1294 1320 1345 potest
1343 1286 1474 1343 igitur
1502 1285 1619 1329 inte-

215 1370 314 1399 rire.

213 1526 283 1543 ‘Vm
287 1527 355 1543 *Um
359 1526 645 1543 amurmAA-wmwxx
650 1527 718 1544 *vm
724 1527 933 1544 WWWWRAM
937 1527 1005 1543 KQ!
1009 1528 1150 1544 ΜΜΛΝΚᾹ
1154 1529 1431 1545 ὡννὶννννινννὶἱννὶ
1435 1528 1505 1544 ΜΜ
1509 1528 1618 1545 &M'VVW

736 1662 954 1712 (lisiPUT
992 1666 1104 1712 VH.

213 1787 272 1835 Ν
271 1802 346 1840 ee,
373 1788 417 1832 si
431 1802 523 1846 per
544 1784 871 1832 substantiam
886 1785 958 1831 acl
977 1785 1222 1849 defectum
1245 1784 1395 1832 tendit
1409 1788 1618 1844 animus,

752 1856 812 1902 ob
837 1857 891 1902 ι’(ί
907 1858 1087 1903 interit.

272 1997 377 2040 XII.
414 1998 479 2041 AT
508 1995 624 2040 enim
648 1995 812 2040 aversio
841 1996 932 2056 ipsa
955 2012 979 2040 a
1001 1996 1170 2040 ratione
1202 2011 1281 2056 per
1303 2011 1438 2056 quam
1475 1995 1622 2041 stulti-

214 2068 272 2113 tia
295 2068 511 2127 contingit
533 2067 680 2112 animo
697 2104 708 2123 ‚
734 2068 827 2112 sine
851 2067 1030 2112 defectu
1050 2069 1140 2129 ejus
1162 2068 1258 2112 fieri
1280 2084 1370 2113 non
1387 2076 1530 2128 potest
1551 2088 1560 2113 ε
1587 2068 1621 2113 si

214 2141 331 2185 enim
352 2140 490 2199 magis
525 2149 589 2184 est
627 2138 682 2184 ad
717 2139 931 2184 rationem
966 2156 1202 2185 conversus
1231 2141 1359 2201 eique
1381 2140 1616 2196 inhaerens‚

213 2210 313 2256 ideo
331 2210 454 2272 quod
475 2212 661 2256 inhaeret
684 2210 1035 2256 incommutabili
1049 2211 1110 2255 rei
1128 2228 1229 2273 quae
1242 2221 1307 2256 est
1321 2211 1492 2267 veritas,
1519 2228 1620 2272 quae

214 2293 258 2328 et
274 2283 461 2328 maxime
479 2292 523 2328 et
541 2284 745 2344 primitus
768 2292 853 2339 est,
881 2299 984 2327 cum
1006 2283 1062 2327 ab
1076 2298 1126 2329 ea
1143 2293 1208 2328 cst
1230 2299 1404 2328 aversus
1418 2282 1619 2344 idipsum

215 2371 305 2399 esse
323 2355 467 2399 minus
489 2355 647 2410 habet,
669 2354 791 2416 quod
814 2364 878 2400 est
900 2353 1101 2399 deficere.
1128 2356 1279 2400 Omnis
1303 2365 1449 2400 autem
1472 2354 1621 2399 desec-

216 2436 285 2471 tus
308 2426 450 2471 tendit
468 2426 524 2470 ad
540 2426 751 2482 nihilum,
779 2435 821 2470 ct
846 2426 1074 2470 interitum
1096 2426 1270 2471 nullum
1294 2427 1430 2486 magis
1445 2427 1621 2487 proprie

215 2506 390 2558 oportet
413 2497 573 2557 accipi,
599 2513 733 2558 quam
756 2513 857 2543 cum
872 2497 939 2553 id,
966 2498 1089 2557 quod
1107 2497 1274 2558 aliquid
1292 2507 1405 2554 erat,
1428 2497 1536 2542 nihil
1551 2498 1614 2541 fit.

264 2601 273 2617 ¹
304 2606 315 2626 1
346 2596 492 2627 Retract.
521 2605 592 2636 cap.
621 2606 655 2635 v,
675 2606 706 2626 n.
731 2604 762 2627 2.
