<?xml version="1.0" encoding="UTF-8"?>
<!DOCTYPE html PUBLIC "-//W3C//DTD XHTML 1.0 Transitional//EN"
    "http://www.w3.org/TR/xhtml1/DTD/xhtml1-transitional.dtd">
<html xmlns="http://www.w3.org/1999/xhtml" xml:lang="en" lang="en">
 <head>
  <title>
</title>
<meta http-equiv="Content-Type" content="text/html;charset=utf-8" />
  <meta name='ocr-system' content='tesseract 3.04.00' />
  <meta name='ocr-capabilities' content='ocr_page ocr_carea ocr_par ocr_line ocrx_word'/>
</head>
<body>
  <div class='ocr_page' id='page_1' title='image "./operaomniaaccura01auguuoft_0389.png"; bbox 0 0 1888 3168; ppageno 0'>
   <div class='ocr_carea' id='block_1_1' title="bbox 631 218 1558 260">
    <p class='ocr_par' dir='ltr' id='par_1_1' title="bbox 631 218 1558 260">
     <span class='ocr_line' id='line_1_1' title="bbox 631 218 1558 260; baseline -0.002 -1"><span class='ocrx_word' id='word_1_1' title='bbox 631 232 686 259; x_wconf 84' lang='lat' dir='ltr'>DE</span> <span class='ocrx_word' id='word_1_2' title='bbox 719 228 876 260; x_wconf 73' lang='lat' dir='ltr'>MUSICA</span> <span class='ocrx_word' id='word_1_3' title='bbox 908 230 994 258; x_wconf 74' lang='lat' dir='ltr'>Lm.</span> <span class='ocrx_word' id='word_1_4' title='bbox 1029 232 1078 257; x_wconf 91' lang='lat'>11.</span> <span class='ocrx_word' id='word_1_5' title='bbox 1471 218 1558 257; x_wconf 87' lang='grc'>379</span> 
     </span>
    </p>
   </div>
   <div class='ocr_carea' id='block_1_2' title="bbox 142 294 1561 2081">
    <p class='ocr_par' dir='ltr' id='par_1_2' title="bbox 148 294 1560 1006">
     <span class='ocr_line' id='line_1_2' title="bbox 154 294 1560 361; baseline -0.003 -17"><span class='ocrx_word' id='word_1_6' title='bbox 154 299 490 361; x_wconf 90' lang='lat' dir='ltr'>pronuntiando</span> <span class='ocrx_word' id='word_1_7' title='bbox 517 298 772 343; x_wconf 83' lang='lat' dir='ltr'>insinuante</span> <span class='ocrx_word' id='word_1_8' title='bbox 794 297 1001 358; x_wconf 81' lang='lat' dir='ltr'>persensi.</span> <span class='ocrx_word' id='word_1_9' title='bbox 1025 298 1088 341; x_wconf 90' lang='lat' dir='ltr'>M.</span> <span class='ocrx_word' id='word_1_10' title='bbox 1114 295 1248 352; x_wconf 84' lang='lat' dir='ltr'>Quid,</span> <span class='ocrx_word' id='word_1_11' title='bbox 1283 294 1394 340; x_wconf 87' lang='lat' dir='ltr'>illud</span> <span class='ocrx_word' id='word_1_12' title='bbox 1409 311 1560 341; x_wconf 90' lang='lat' dir='ltr'>nonne</span> 
     </span>
     <span class='ocr_line' id='line_1_3' title="bbox 153 367 1560 433; baseline -0.002 -18"><span class='ocrx_word' id='word_1_13' title='bbox 153 380 197 415; x_wconf 85' lang='lat' dir='ltr'>te</span> <span class='ocrx_word' id='word_1_14' title='bbox 214 380 363 416; x_wconf 84' lang='lat' dir='ltr'>movet</span> <span class='ocrx_word' id='word_1_15' title='bbox 384 369 508 431; x_wconf 85' lang='lat' dir='ltr'>quod</span> <span class='ocrx_word' id='word_1_16' title='bbox 534 368 687 433; x_wconf 36' lang='lat' dir='ltr'>inlillis</span> <span class='ocrx_word' id='word_1_17' title='bbox 714 367 966 414; x_wconf 87' lang='lat' dir='ltr'>Terentiani</span> <span class='ocrx_word' id='word_1_18' title='bbox 986 367 1184 413; x_wconf 85' lang='lat' dir='ltr'>versibus</span> <span class='ocrx_word' id='word_1_19' title='bbox 1209 367 1353 412; x_wconf 89' lang='lat' dir='ltr'>ionico</span> <span class='ocrx_word' id='word_1_20' title='bbox 1376 367 1415 411; x_wconf 92' lang='lat' dir='ltr'>ei</span> <span class='ocrx_word' id='word_1_21' title='bbox 1436 368 1513 428; x_wconf 91' lang='lat' dir='ltr'>qui</span> <span class='ocrx_word' id='word_1_22' title='bbox 1535 383 1560 412; x_wconf 88' lang='lat' dir='ltr'>a</span> 
     </span>
     <span class='ocr_line' id='line_1_4' title="bbox 153 436 1559 504; baseline -0.003 -17"><span class='ocrx_word' id='word_1_23' title='bbox 153 444 316 504; x_wconf 86' lang='lat' dir='ltr'>majore</span> <span class='ocrx_word' id='word_1_24' title='bbox 339 442 516 495; x_wconf 88' lang='lat' dir='ltr'>dicitur,</span> <span class='ocrx_word' id='word_1_25' title='bbox 542 440 766 486; x_wconf 85' lang='lat' dir='ltr'>dichorius</span> <span class='ocrx_word' id='word_1_26' title='bbox 795 461 805 486; x_wconf 71' lang='grc' dir='ltr'>ε</span> <span class='ocrx_word' id='word_1_27' title='bbox 831 441 877 485; x_wconf 92' lang='grc'>111</span> <span class='ocrx_word' id='word_1_28' title='bbox 901 440 952 485; x_wconf 87' lang='grc'>113</span> <span class='ocrx_word' id='word_1_29' title='bbox 978 448 1126 484; x_wconf 90' lang='lat' dir='ltr'>autem</span> <span class='ocrx_word' id='word_1_30' title='bbox 1152 439 1311 484; x_wconf 90' lang='lat' dir='ltr'>nostris</span> <span class='ocrx_word' id='word_1_31' title='bbox 1343 439 1467 482; x_wconf 89' lang='lat' dir='ltr'>alteri</span> <span class='ocrx_word' id='word_1_32' title='bbox 1491 436 1559 484; x_wconf 89' lang='grc'>10-</span> 
     </span>
     <span class='ocr_line' id='line_1_5' title="bbox 153 511 1560 576; baseline -0.004 -17"><span class='ocrx_word' id='word_1_33' title='bbox 153 516 252 560; x_wconf 85' lang='grc'><strong>11160</strong></span> <span class='ocrx_word' id='word_1_34' title='bbox 274 515 352 576; x_wconf 86' lang='lat' dir='ltr'>qui</span> <span class='ocrx_word' id='word_1_35' title='bbox 375 531 399 559; x_wconf 93' lang='lat' dir='ltr'>a</span> <span class='ocrx_word' id='word_1_36' title='bbox 421 513 591 558; x_wconf 91' lang='lat' dir='ltr'>minore</span> <span class='ocrx_word' id='word_1_37' title='bbox 625 514 905 570; x_wconf 89' lang='lat' dir='ltr'>nominatur,</span> <span class='ocrx_word' id='word_1_38' title='bbox 942 511 1163 557; x_wconf 84' lang='lat' dir='ltr'>diiambus</span> <span class='ocrx_word' id='word_1_39' title='bbox 1190 511 1351 555; x_wconf 78' lang='lat' dir='ltr'>mixtus</span> <span class='ocrx_word' id='word_1_40' title='bbox 1381 513 1476 555; x_wconf 77' lang='lat' dir='ltr'>est?</span> <span class='ocrx_word' id='word_1_41' title='bbox 1504 527 1560 555; x_wconf 90' lang='lat' dir='ltr'>an</span> 
     </span>
     <span class='ocr_line' id='line_1_6' title="bbox 153 582 1560 639; baseline -0.004 -8"><span class='ocrx_word' id='word_1_42' title='bbox 153 585 264 631; x_wconf 90' lang='lat' dir='ltr'>nihil</span> <span class='ocrx_word' id='word_1_43' title='bbox 285 586 492 630; x_wconf 80' lang='lat' dir='ltr'>interesse</span> <span class='ocrx_word' id='word_1_44' title='bbox 525 584 775 629; x_wconf 75' lang='lat' dir='ltr'>arbitraris?</span> <span class='ocrx_word' id='word_1_45' title='bbox 793 588 845 629; x_wconf 92' lang='lat' dir='ltr'>D.</span> <span class='ocrx_word' id='word_1_46' title='bbox 870 587 966 630; x_wconf 91' lang='lat' dir='ltr'>Imo</span> <span class='ocrx_word' id='word_1_47' title='bbox 990 584 1188 639; x_wconf 87' lang='lat' dir='ltr'>interest,</span> <span class='ocrx_word' id='word_1_48' title='bbox 1211 592 1256 627; x_wconf 91' lang='grc'>61</span> <span class='ocrx_word' id='word_1_49' title='bbox 1276 582 1429 627; x_wconf 81' lang='lat' dir='ltr'>videor</span> <span class='ocrx_word' id='word_1_50' title='bbox 1451 582 1560 626; x_wconf 91' lang='lat' dir='ltr'>mihi</span> 
     </span>
     <span class='ocr_line' id='line_1_7' title="bbox 155 654 1558 719; baseline -0.004 -16"><span class='ocrx_word' id='word_1_51' title='bbox 155 658 371 703; x_wconf 87' lang='lat' dir='ltr'>rationem</span> <span class='ocrx_word' id='word_1_52' title='bbox 393 657 532 716; x_wconf 84' lang='lat' dir='ltr'>ipsam</span> <span class='ocrx_word' id='word_1_53' title='bbox 548 654 696 719; x_wconf 86' lang='lat' dir='ltr'>videre</span> <span class='ocrx_word' id='word_1_54' title='bbox 723 676 732 701; x_wconf 78' lang='grc' dir='ltr'>ε</span> <span class='ocrx_word' id='word_1_55' title='bbox 757 671 861 700; x_wconf 89' lang='lat' dir='ltr'>nam</span> <span class='ocrx_word' id='word_1_56' title='bbox 878 655 1090 717; x_wconf 87' lang='lat' dir='ltr'>quoniam</span> <span class='ocrx_word' id='word_1_57' title='bbox 1112 654 1280 699; x_wconf 90' lang='lat' dir='ltr'>ionicus</span> <span class='ocrx_word' id='word_1_58' title='bbox 1303 671 1326 698; x_wconf 92' lang='lat' dir='ltr'>a</span> <span class='ocrx_word' id='word_1_59' title='bbox 1348 655 1512 714; x_wconf 85' lang='lat' dir='ltr'>majore</span> <span class='ocrx_word' id='word_1_60' title='bbox 1535 670 1558 698; x_wconf 90' lang='lat' dir='ltr'>a</span> 
     </span>
     <span class='ocr_line' id='line_1_8' title="bbox 151 726 1559 789; baseline -0.003 -14"><span class='ocrx_word' id='word_1_61' title='bbox 151 729 325 775; x_wconf 89' lang='lat' dir='ltr'>duabus</span> <span class='ocrx_word' id='word_1_62' title='bbox 350 728 506 789; x_wconf 80' lang='lat' dir='ltr'>incipit</span> <span class='ocrx_word' id='word_1_63' title='bbox 526 727 690 787; x_wconf 77' lang='lat' dir='ltr'>longis,</span> <span class='ocrx_word' id='word_1_64' title='bbox 719 744 821 773; x_wconf 90' lang='lat' dir='ltr'>eum</span> <span class='ocrx_word' id='word_1_65' title='bbox 843 728 927 773; x_wconf 89' lang='lat' dir='ltr'>sibi</span> <span class='ocrx_word' id='word_1_66' title='bbox 959 727 1107 788; x_wconf 90' lang='lat' dir='ltr'>potius</span> <span class='ocrx_word' id='word_1_67' title='bbox 1131 726 1433 787; x_wconf 85' lang='lat' dir='ltr'>copulandum</span> <span class='ocrx_word' id='word_1_68' title='bbox 1456 742 1559 786; x_wconf 89' lang='lat' dir='ltr'>pos-</span> 
     </span>
     <span class='ocr_line' id='line_1_9' title="bbox 148 799 1559 861; baseline -0.003 -15"><span class='ocrx_word' id='word_1_69' title='bbox 148 803 225 858; x_wconf 89' lang='lat' dir='ltr'>cit,</span> <span class='ocrx_word' id='word_1_70' title='bbox 250 801 329 846; x_wconf 87' lang='lat' dir='ltr'>ubi</span> <span class='ocrx_word' id='word_1_71' title='bbox 342 800 472 859; x_wconf 82' lang='lat' dir='ltr'>longa</span> <span class='ocrx_word' id='word_1_72' title='bbox 495 801 635 861; x_wconf 87' lang='lat' dir='ltr'>prima</span> <span class='ocrx_word' id='word_1_73' title='bbox 658 810 736 857; x_wconf 89' lang='lat' dir='ltr'>est,</span> <span class='ocrx_word' id='word_1_74' title='bbox 760 800 805 846; x_wconf 91' lang='lat' dir='ltr'>id</span> <span class='ocrx_word' id='word_1_75' title='bbox 827 810 892 846; x_wconf 90' lang='lat' dir='ltr'>est</span> <span class='ocrx_word' id='word_1_76' title='bbox 914 800 1178 845; x_wconf 74' lang='lat' dir='ltr'>dichorium.</span> <span class='ocrx_word' id='word_1_77' title='bbox 1206 799 1435 851; x_wconf 90' lang='lat' dir='ltr'>Diiambus</span> <span class='ocrx_word' id='word_1_78' title='bbox 1451 814 1559 844; x_wconf 87' lang='lat' dir='ltr'>vero</span> 
     </span>
     <span class='ocr_line' id='line_1_10' title="bbox 149 872 1560 936; baseline -0.003 -17"><span class='ocrx_word' id='word_1_79' title='bbox 149 873 273 936; x_wconf 87' lang='lat' dir='ltr'>quod</span> <span class='ocrx_word' id='word_1_80' title='bbox 294 874 452 934; x_wconf 84' lang='lat' dir='ltr'>incipit</span> <span class='ocrx_word' id='word_1_81' title='bbox 474 889 499 918; x_wconf 89' lang='lat' dir='ltr'>a</span> <span class='ocrx_word' id='word_1_82' title='bbox 517 873 656 929; x_wconf 86' lang='lat' dir='ltr'>brevi,</span> <span class='ocrx_word' id='word_1_83' title='bbox 683 874 1000 933; x_wconf 85' lang='lat' dir='ltr'>congruentius</span> <span class='ocrx_word' id='word_1_84' title='bbox 1022 872 1148 917; x_wconf 88' lang='lat' dir='ltr'>alteri</span> <span class='ocrx_word' id='word_1_85' title='bbox 1170 872 1381 917; x_wconf 87' lang='lat' dir='ltr'>miscetur</span> <span class='ocrx_word' id='word_1_86' title='bbox 1414 872 1560 916; x_wconf 89' lang='lat' dir='ltr'>ionico</span> 
     </span>
     <span class='ocr_line' id='line_1_11' title="bbox 149 946 869 1006; baseline -0.001 -15"><span class='ocrx_word' id='word_1_87' title='bbox 149 963 173 991; x_wconf 89' lang='lat' dir='ltr'>a</span> <span class='ocrx_word' id='word_1_88' title='bbox 195 946 370 991; x_wconf 88' lang='lat' dir='ltr'>duabus</span> <span class='ocrx_word' id='word_1_89' title='bbox 392 946 602 990; x_wconf 88' lang='lat' dir='ltr'>brevibus</span> <span class='ocrx_word' id='word_1_90' title='bbox 624 946 869 1006; x_wconf 87' lang='lat' dir='ltr'>incipienti.</span> 
     </span>
    </p>

    <p class='ocr_par' dir='ltr' id='par_1_3' title="bbox 142 1015 1561 2081">
     <span class='ocr_line' id='line_1_12' title="bbox 207 1015 1560 1080; baseline -0.002 -18"><span class='ocrx_word' id='word_1_91' title='bbox 207 1021 379 1063; x_wconf 85' lang='lat' dir='ltr'>XXIII.</span> <span class='ocrx_word' id='word_1_92' title='bbox 404 1021 467 1063; x_wconf 83' lang='lat' dir='ltr'>M.</span> <span class='ocrx_word' id='word_1_93' title='bbox 489 1020 607 1062; x_wconf 87' lang='lat' dir='ltr'>Bene</span> <span class='ocrx_word' id='word_1_94' title='bbox 624 1018 847 1077; x_wconf 81' lang='lat' dir='ltr'>intelligis,</span> <span class='ocrx_word' id='word_1_95' title='bbox 871 1034 1008 1080; x_wconf 90' lang='lat' dir='ltr'>quare</span> <span class='ocrx_word' id='word_1_96' title='bbox 1024 1018 1110 1063; x_wconf 92' lang='lat' dir='ltr'>hoc</span> <span class='ocrx_word' id='word_1_97' title='bbox 1121 1032 1302 1079; x_wconf 88' lang='lat' dir='ltr'>quoque</span> <span class='ocrx_word' id='word_1_98' title='bbox 1317 1015 1560 1061; x_wconf 91' lang='lat' dir='ltr'>tenendum</span> 
     </span>
     <span class='ocr_line' id='line_1_13' title="bbox 147 1088 1561 1150; baseline -0.001 -17"><span class='ocrx_word' id='word_1_99' title='bbox 147 1098 227 1145; x_wconf 84' lang='lat' dir='ltr'>est,</span> <span class='ocrx_word' id='word_1_100' title='bbox 248 1089 374 1134; x_wconf 86' lang='lat' dir='ltr'>istam</span> <span class='ocrx_word' id='word_1_101' title='bbox 396 1089 528 1133; x_wconf 91' lang='lat' dir='ltr'>etiam</span> <span class='ocrx_word' id='word_1_102' title='bbox 559 1090 920 1148; x_wconf 80' lang='lat' dir='ltr'>congruentiam,</span> <span class='ocrx_word' id='word_1_103' title='bbox 952 1099 1131 1150; x_wconf 79' lang='lat' dir='ltr'>excepta</span> <span class='ocrx_word' id='word_1_104' title='bbox 1161 1088 1416 1150; x_wconf 72' lang='lat' dir='ltr'>aequalitate</span> <span class='ocrx_word' id='word_1_105' title='bbox 1444 1096 1561 1131; x_wconf 85' lang='lat' dir='ltr'>tem-</span> 
     </span>
     <span class='ocr_line' id='line_1_14' title="bbox 146 1159 1557 1222; baseline -0.001 -16"><span class='ocrx_word' id='word_1_106' title='bbox 146 1176 307 1222; x_wconf 86' lang='lat' dir='ltr'>porum</span> <span class='ocrx_word' id='word_1_107' title='bbox 327 1160 375 1204; x_wconf 85' lang='lat' dir='ltr'>in</span> <span class='ocrx_word' id='word_1_108' title='bbox 393 1160 582 1221; x_wconf 85' lang='lat' dir='ltr'>pedibus</span> <span class='ocrx_word' id='word_1_109' title='bbox 599 1160 835 1206; x_wconf 85' lang='lat' dir='ltr'>miscendis</span> <span class='ocrx_word' id='word_1_110' title='bbox 854 1161 1133 1222; x_wconf 82' lang='lat' dir='ltr'>aliquantum</span> <span class='ocrx_word' id='word_1_111' title='bbox 1150 1159 1297 1207; x_wconf 84' lang='lat' dir='ltr'>valere</span> <span class='ocrx_word' id='word_1_112' title='bbox 1320 1168 1525 1220; x_wconf 84' lang='lat' dir='ltr'>oportere</span> <span class='ocrx_word' id='word_1_113' title='bbox 1546 1178 1557 1205; x_wconf 75' lang='lat' dir='ltr'><strong><em>z</em></strong></span> 
     </span>
     <span class='ocr_line' id='line_1_15' title="bbox 147 1232 1561 1293; baseline -0.002 -15"><span class='ocrx_word' id='word_1_114' title='bbox 147 1249 239 1279; x_wconf 91' lang='lat' dir='ltr'>non</span> <span class='ocrx_word' id='word_1_115' title='bbox 261 1233 379 1277; x_wconf 90' lang='lat' dir='ltr'>enim</span> <span class='ocrx_word' id='word_1_116' title='bbox 402 1232 662 1293; x_wconf 84' lang='lat' dir='ltr'>plurimum,</span> <span class='ocrx_word' id='word_1_117' title='bbox 690 1233 767 1278; x_wconf 87' lang='lat' dir='ltr'>sed</span> <span class='ocrx_word' id='word_1_118' title='bbox 788 1243 940 1278; x_wconf 84' lang='lat' dir='ltr'>tamen</span> <span class='ocrx_word' id='word_1_119' title='bbox 959 1233 1164 1279; x_wconf 89' lang='lat' dir='ltr'>nonnihil</span> <span class='ocrx_word' id='word_1_120' title='bbox 1186 1232 1318 1278; x_wconf 89' lang='lat' dir='ltr'>valet.</span> <span class='ocrx_word' id='word_1_121' title='bbox 1350 1235 1461 1277; x_wconf 88' lang='lat' dir='ltr'>Nam</span> <span class='ocrx_word' id='word_1_122' title='bbox 1479 1247 1561 1291; x_wconf 91' lang='lat' dir='ltr'>pro</span> 
     </span>
     <span class='ocr_line' id='line_1_16' title="bbox 146 1303 1561 1366; baseline -0.001 -16"><span class='ocrx_word' id='word_1_123' title='bbox 146 1305 267 1350; x_wconf 89' lang='lat' dir='ltr'>omni</span> <span class='ocrx_word' id='word_1_124' title='bbox 296 1303 411 1365; x_wconf 89' lang='lat' dir='ltr'>pede</span> <span class='ocrx_word' id='word_1_125' title='bbox 441 1321 514 1350; x_wconf 83' lang='lat' dir='ltr'>sex</span> <span class='ocrx_word' id='word_1_126' title='bbox 541 1314 812 1366; x_wconf 88' lang='lat' dir='ltr'>temporum,</span> <span class='ocrx_word' id='word_1_127' title='bbox 840 1322 1018 1351; x_wconf 91' lang='lat' dir='ltr'>omnem</span> <span class='ocrx_word' id='word_1_128' title='bbox 1038 1305 1198 1365; x_wconf 89' lang='lat' dir='ltr'>pedem</span> <span class='ocrx_word' id='word_1_129' title='bbox 1219 1318 1292 1347; x_wconf 82' lang='lat' dir='ltr'>sex</span> <span class='ocrx_word' id='word_1_130' title='bbox 1305 1312 1561 1366; x_wconf 77' lang='lat' dir='ltr'>temporum</span> 
     </span>
     <span class='ocr_line' id='line_1_17' title="bbox 144 1373 1561 1438; baseline -0.002 -16"><span class='ocrx_word' id='word_1_131' title='bbox 144 1377 252 1438; x_wconf 88' lang='lat' dir='ltr'>poni</span> <span class='ocrx_word' id='word_1_132' title='bbox 272 1392 425 1436; x_wconf 87' lang='lat' dir='ltr'>posse,</span> <span class='ocrx_word' id='word_1_133' title='bbox 458 1377 518 1422; x_wconf 90' lang='lat' dir='ltr'>ita</span> <span class='ocrx_word' id='word_1_134' title='bbox 547 1393 678 1422; x_wconf 89' lang='lat' dir='ltr'>sensu</span> <span class='ocrx_word' id='word_1_135' title='bbox 708 1378 981 1433; x_wconf 80' lang='lat' dir='ltr'>interrogato</span> <span class='ocrx_word' id='word_1_136' title='bbox 998 1373 1173 1435; x_wconf 84' lang='lat' dir='ltr'>judices</span> <span class='ocrx_word' id='word_1_137' title='bbox 1206 1373 1333 1430; x_wconf 87' lang='lat' dir='ltr'>licet,</span> <span class='ocrx_word' id='word_1_138' title='bbox 1367 1375 1561 1435; x_wconf 90' lang='lat' dir='ltr'>primum</span> 
     </span>
     <span class='ocr_line' id='line_1_18' title="bbox 143 1446 1556 1506; baseline -0.001 -13"><span class='ocrx_word' id='word_1_139' title='bbox 143 1446 322 1493; x_wconf 82' lang='lat' dir='ltr'>molossi</span> <span class='ocrx_word' id='word_1_140' title='bbox 349 1449 599 1506; x_wconf 79' lang='lat' dir='ltr'>exemplum</span> <span class='ocrx_word' id='word_1_141' title='bbox 620 1446 676 1490; x_wconf 88' lang='lat' dir='ltr'>sit</span> <span class='ocrx_word' id='word_1_142' title='bbox 703 1446 856 1502; x_wconf 89' lang='lat' dir='ltr'>nobis,</span> <span class='ocrx_word' id='word_1_143' title='bbox 886 1447 1087 1491; x_wconf 81' lang='lat' dir='ltr'>virtutes</span> <span class='ocrx_word' id='word_1_144' title='bbox 1115 1463 1128 1490; x_wconf 87' lang='lat'>.·</span> <span class='ocrx_word' id='word_1_145' title='bbox 1154 1446 1288 1491; x_wconf 91' lang='lat' dir='ltr'>ionici</span> <span class='ocrx_word' id='word_1_146' title='bbox 1322 1463 1346 1491; x_wconf 90' lang='lat' dir='ltr'>a</span> <span class='ocrx_word' id='word_1_147' title='bbox 1369 1447 1556 1504; x_wconf 86' lang='lat' dir='ltr'>minore,</span> 
     </span>
     <span class='ocr_line' id='line_1_19' title="bbox 142 1515 1560 1579; baseline 0 -15"><span class='ocrx_word' id='word_1_148' title='bbox 142 1515 427 1564; x_wconf 86' lang='lat' dir='ltr'>moderatas</span> <span class='ocrx_word' id='word_1_149' title='bbox 451 1534 464 1562; x_wconf 88' lang='lat'>.·</span> <span class='ocrx_word' id='word_1_150' title='bbox 489 1517 751 1573; x_wconf 80' lang='lat' dir='ltr'>choriambi,</span> <span class='ocrx_word' id='word_1_151' title='bbox 769 1517 1040 1578; x_wconf 86' lang='lat' dir='ltr'>percipies:</span> <span class='ocrx_word' id='word_1_152' title='bbox 1056 1517 1190 1562; x_wconf 90' lang='lat' dir='ltr'>ionici</span> <span class='ocrx_word' id='word_1_153' title='bbox 1206 1534 1231 1562; x_wconf 90' lang='lat' dir='ltr'>a</span> <span class='ocrx_word' id='word_1_154' title='bbox 1248 1519 1428 1579; x_wconf 86' lang='lat' dir='ltr'>majore,</span> <span class='ocrx_word' id='word_1_155' title='bbox 1449 1534 1560 1564; x_wconf 87' lang='lat' dir='ltr'>con-</span> 
     </span>
     <span class='ocr_line' id='line_1_20' title="bbox 143 1587 1556 1651; baseline 0.001 -17"><span class='ocrx_word' id='word_1_156' title='bbox 143 1587 318 1634; x_wconf 82' lang='lat' dir='ltr'>cedere</span> <span class='ocrx_word' id='word_1_157' title='bbox 350 1606 367 1649; x_wconf 27' lang='lat'>:—</span> <span class='ocrx_word' id='word_1_158' title='bbox 394 1588 601 1644; x_wconf 85' lang='lat' dir='ltr'>diiambi,</span> <span class='ocrx_word' id='word_1_159' title='bbox 641 1587 918 1651; x_wconf 75' lang='lat' dir='ltr'>benignitas</span> <span class='ocrx_word' id='word_1_160' title='bbox 949 1605 963 1632; x_wconf 90' lang='grc'>.·</span> <span class='ocrx_word' id='word_1_161' title='bbox 1003 1587 1218 1645; x_wconf 81' lang='lat' dir='ltr'>dichorii,</span> <span class='ocrx_word' id='word_1_162' title='bbox 1253 1590 1556 1649; x_wconf 71' lang='lat' dir='ltr'>civitasque:</span> 
     </span>
     <span class='ocr_line' id='line_1_21' title="bbox 144 1659 1560 1723; baseline 0 -17"><span class='ocrx_word' id='word_1_163' title='bbox 144 1661 386 1722; x_wconf 81' lang='lat' dir='ltr'>antispasti,</span> <span class='ocrx_word' id='word_1_164' title='bbox 413 1659 710 1723; x_wconf 33' lang='lat' dir='ltr'>volet-justa.</span> <span class='ocrx_word' id='word_1_165' title='bbox 736 1664 789 1705; x_wconf 88' lang='lat' dir='ltr'>D.</span> <span class='ocrx_word' id='word_1_166' title='bbox 817 1661 970 1706; x_wconf 88' lang='lat' dir='ltr'>Habeo</span> <span class='ocrx_word' id='word_1_167' title='bbox 992 1661 1088 1705; x_wconf 88' lang='lat' dir='ltr'>ista.</span> <span class='ocrx_word' id='word_1_168' title='bbox 1120 1664 1183 1706; x_wconf 83' lang='lat' dir='ltr'>M.</span> <span class='ocrx_word' id='word_1_169' title='bbox 1210 1663 1408 1707; x_wconf 80' lang='lat' dir='ltr'>Contexe</span> <span class='ocrx_word' id='word_1_170' title='bbox 1425 1663 1560 1722; x_wconf 84' lang='lat' dir='ltr'>igitur</span> 
     </span>
     <span class='ocr_line' id='line_1_22' title="bbox 143 1733 1558 1794; baseline 0 -15"><span class='ocrx_word' id='word_1_171' title='bbox 143 1734 225 1779; x_wconf 87' lang='lat' dir='ltr'>ista</span> <span class='ocrx_word' id='word_1_172' title='bbox 247 1733 397 1778; x_wconf 89' lang='lat' dir='ltr'>omnia</span> <span class='ocrx_word' id='word_1_173' title='bbox 418 1742 553 1794; x_wconf 87' lang='lat' dir='ltr'>atque</span> <span class='ocrx_word' id='word_1_174' title='bbox 576 1733 817 1793; x_wconf 88' lang='lat' dir='ltr'>pronuntia</span> <span class='ocrx_word' id='word_1_175' title='bbox 831 1769 842 1790; x_wconf 92' lang='lat'>,</span> <span class='ocrx_word' id='word_1_176' title='bbox 866 1733 938 1778; x_wconf 90' lang='lat' dir='ltr'>vel</span> <span class='ocrx_word' id='word_1_177' title='bbox 967 1749 1038 1777; x_wconf 91' lang='lat' dir='ltr'>me</span> <span class='ocrx_word' id='word_1_178' title='bbox 1071 1733 1219 1794; x_wconf 88' lang='lat' dir='ltr'>potius</span> <span class='ocrx_word' id='word_1_179' title='bbox 1240 1735 1558 1794; x_wconf 88' lang='lat' dir='ltr'>pronuntiante</span> 
     </span>
     <span class='ocr_line' id='line_1_23' title="bbox 144 1804 1558 1866; baseline 0.001 -16"><span class='ocrx_word' id='word_1_180' title='bbox 144 1805 307 1866; x_wconf 86' lang='lat' dir='ltr'>accipe,</span> <span class='ocrx_word' id='word_1_181' title='bbox 335 1821 426 1866; x_wconf 87' lang='lat' dir='ltr'>quo</span> <span class='ocrx_word' id='word_1_182' title='bbox 449 1805 505 1849; x_wconf 88' lang='lat' dir='ltr'>ad</span> <span class='ocrx_word' id='word_1_183' title='bbox 518 1804 814 1865; x_wconf 84' lang='lat' dir='ltr'>judicandum</span> <span class='ocrx_word' id='word_1_184' title='bbox 836 1805 1016 1851; x_wconf 85' lang='lat' dir='ltr'>liberior</span> <span class='ocrx_word' id='word_1_185' title='bbox 1038 1822 1189 1851; x_wconf 86' lang='lat' dir='ltr'>sensus</span> <span class='ocrx_word' id='word_1_186' title='bbox 1211 1816 1352 1852; x_wconf 87' lang='lat' dir='ltr'>vacet.</span> <span class='ocrx_word' id='word_1_187' title='bbox 1378 1810 1490 1852; x_wconf 90' lang='lat' dir='ltr'>Nam</span> <span class='ocrx_word' id='word_1_188' title='bbox 1506 1817 1558 1852; x_wconf 92' lang='lat' dir='ltr'>ut</span> 
     </span>
     <span class='ocr_line' id='line_1_24' title="bbox 142 1877 1555 1938; baseline 0.001 -15"><span class='ocrx_word' id='word_1_189' title='bbox 142 1877 390 1923; x_wconf 86' lang='lat' dir='ltr'>continuati</span> <span class='ocrx_word' id='word_1_190' title='bbox 415 1878 590 1921; x_wconf 88' lang='lat' dir='ltr'>numeri</span> <span class='ocrx_word' id='word_1_191' title='bbox 622 1877 937 1938; x_wconf 85' lang='lat' dir='ltr'>aequalitatem,</span> <span class='ocrx_word' id='word_1_192' title='bbox 974 1879 1066 1922; x_wconf 90' lang='lat' dir='ltr'>sine</span> <span class='ocrx_word' id='word_1_193' title='bbox 1089 1877 1181 1924; x_wconf 89' lang='lat' dir='ltr'>ulla</span> <span class='ocrx_word' id='word_1_194' title='bbox 1210 1878 1456 1924; x_wconf 81' lang='lat' dir='ltr'>offensione</span> <span class='ocrx_word' id='word_1_195' title='bbox 1474 1896 1555 1924; x_wconf 91' lang='lat' dir='ltr'>au-</span> 
     </span>
     <span class='ocr_line' id='line_1_25' title="bbox 142 1950 1555 2012; baseline 0.003 -19"><span class='ocrx_word' id='word_1_196' title='bbox 142 1950 258 1994; x_wconf 90' lang='lat' dir='ltr'>rium</span> <span class='ocrx_word' id='word_1_197' title='bbox 280 1950 358 1994; x_wconf 89' lang='lat' dir='ltr'>tibi</span> <span class='ocrx_word' id='word_1_198' title='bbox 392 1950 634 2005; x_wconf 85' lang='lat' dir='ltr'>insinuem,</span> <span class='ocrx_word' id='word_1_199' title='bbox 670 1950 757 1994; x_wconf 91' lang='lat' dir='ltr'>hoc</span> <span class='ocrx_word' id='word_1_200' title='bbox 794 1959 940 1995; x_wconf 86' lang='lat' dir='ltr'>totum</span> <span class='ocrx_word' id='word_1_201' title='bbox 967 1960 1224 1995; x_wconf 83' lang='lat' dir='ltr'>contextum</span> <span class='ocrx_word' id='word_1_202' title='bbox 1254 1960 1321 1995; x_wconf 86' lang='lat' dir='ltr'>ter</span> <span class='ocrx_word' id='word_1_203' title='bbox 1351 1967 1555 2012; x_wconf 86' lang='lat' dir='ltr'>pronun-</span> 
     </span>
     <span class='ocr_line' id='line_1_26' title="bbox 143 2021 1556 2081; baseline 0.002 -15"><span class='ocrx_word' id='word_1_204' title='bbox 143 2022 280 2077; x_wconf 86' lang='lat' dir='ltr'>tiabo,</span> <span class='ocrx_word' id='word_1_205' title='bbox 302 2021 426 2081; x_wconf 84' lang='lat' dir='ltr'>quod</span> <span class='ocrx_word' id='word_1_206' title='bbox 448 2022 548 2066; x_wconf 88' lang='lat' dir='ltr'>satis</span> <span class='ocrx_word' id='word_1_207' title='bbox 571 2037 662 2066; x_wconf 88' lang='lat' dir='ltr'>esse</span> <span class='ocrx_word' id='word_1_208' title='bbox 683 2038 776 2067; x_wconf 92' lang='lat' dir='ltr'>non</span> <span class='ocrx_word' id='word_1_209' title='bbox 798 2023 1111 2068; x_wconf 82' lang='lat' dir='ltr'>dubitaverim.</span> <span class='ocrx_word' id='word_1_210' title='bbox 1143 2021 1367 2068; x_wconf 86' lang='lat' dir='ltr'>Virtutes</span> <span class='ocrx_word' id='word_1_211' title='bbox 1389 2023 1556 2069; x_wconf 83' lang='lat' dir='ltr'>mocle-</span> 
     </span>
    </p>
   </div>
   <div class='ocr_carea' id='block_1_3' title="bbox 131 2092 1557 2588">
    <p class='ocr_par' dir='ltr' id='par_1_4' title="bbox 131 2092 1557 2588">
     <span class='ocr_line' id='line_1_27' title="bbox 144 2092 1557 2157; baseline 0.001 -18"><span class='ocrx_word' id='word_1_212' title='bbox 144 2103 284 2139; x_wconf 86' lang='lat' dir='ltr'>ratas</span> <span class='ocrx_word' id='word_1_213' title='bbox 294 2092 555 2153; x_wconf 77' lang='lat' dir='ltr'>percipieS,</span> <span class='ocrx_word' id='word_1_214' title='bbox 571 2092 837 2138; x_wconf 78' lang='lat' dir='ltr'>concedere</span> <span class='ocrx_word' id='word_1_215' title='bbox 857 2092 1134 2157; x_wconf 72' lang='lat' dir='ltr'>benignitas</span> <span class='ocrx_word' id='word_1_216' title='bbox 1149 2095 1416 2155; x_wconf 72' lang='lat' dir='ltr'>civitasque</span> <span class='ocrx_word' id='word_1_217' title='bbox 1429 2095 1557 2142; x_wconf 79' lang='lat' dir='ltr'>volet</span> 
     </span>
     <span class='ocr_line' id='line_1_28' title="bbox 131 2161 1554 2228; baseline 0.003 -19"><span class='ocrx_word' id='word_1_218' title='bbox 131 2166 291 2228; x_wconf 83' lang='lat' dir='ltr'>justa.</span> <span class='ocrx_word' id='word_1_219' title='bbox 323 2162 547 2209; x_wconf 78' lang='lat' dir='ltr'>Virtutes</span> <span class='ocrx_word' id='word_1_220' title='bbox 571 2161 855 2208; x_wconf 84' lang='lat' dir='ltr'>moderatas</span> <span class='ocrx_word' id='word_1_221' title='bbox 883 2166 1139 2226; x_wconf 80' lang='lat' dir='ltr'>percipies,</span> <span class='ocrx_word' id='word_1_222' title='bbox 1175 2166 1442 2212; x_wconf 81' lang='lat' dir='ltr'>concedere</span> <span class='ocrx_word' id='word_1_223' title='bbox 1473 2167 1554 2213; x_wconf 79' lang='lat' dir='ltr'>b&#39;e-</span> 
     </span>
     <span class='ocr_line' id='line_1_29' title="bbox 144 2234 1554 2300; baseline 0.003 -18"><span class='ocrx_word' id='word_1_224' title='bbox 144 2238 361 2283; x_wconf 77' lang='lat' dir='ltr'>nio-nitas</span> <span class='ocrx_word' id='word_1_225' title='bbox 392 2235 659 2295; x_wconf 66' lang='lat' dir='ltr'>civitasque</span> <span class='ocrx_word' id='word_1_226' title='bbox 683 2234 812 2281; x_wconf 82' lang='lat' dir='ltr'>volet</span> <span class='ocrx_word' id='word_1_227' title='bbox 828 2237 986 2300; x_wconf 84' lang='lat' dir='ltr'>justa.</span> <span class='ocrx_word' id='word_1_228' title='bbox 1017 2238 1240 2284; x_wconf 78' lang='lat' dir='ltr'>Virtutes</span> <span class='ocrx_word' id='word_1_229' title='bbox 1268 2239 1554 2286; x_wconf 78' lang='lat' dir='ltr'>moderatas</span> 
     </span>
     <span class='ocr_line' id='line_1_30' title="bbox 139 2306 1548 2377; baseline 0.004 -23"><span class='ocrx_word' id='word_1_230' title='bbox 139 2308 397 2370; x_wconf 81' lang='lat' dir='ltr'>percipies,</span> <span class='ocrx_word' id='word_1_231' title='bbox 410 2306 677 2353; x_wconf 77' lang='lat' dir='ltr'>concedere</span> <span class='ocrx_word' id='word_1_232' title='bbox 697 2307 974 2371; x_wconf 76' lang='lat' dir='ltr'>benignitas</span> <span class='ocrx_word' id='word_1_233' title='bbox 985 2311 1249 2371; x_wconf 61' lang='lat' dir='ltr'>civitasque</span> <span class='ocrx_word' id='word_1_234' title='bbox 1261 2312 1389 2358; x_wconf 82' lang='lat' dir='ltr'>volet</span> <span class='ocrx_word' id='word_1_235' title='bbox 1392 2325 1548 2377; x_wconf 83' lang='lat' dir='ltr'>Justa.</span> 
     </span>
     <span class='ocr_line' id='line_1_31' title="bbox 142 2376 1555 2448; baseline 0.004 -22"><span class='ocrx_word' id='word_1_236' title='bbox 142 2382 260 2426; x_wconf 88' lang='lat' dir='ltr'>Num</span> <span class='ocrx_word' id='word_1_237' title='bbox 279 2376 392 2424; x_wconf 87' lang='lat' dir='ltr'>sorte</span> <span class='ocrx_word' id='word_1_238' title='bbox 413 2379 583 2440; x_wconf 84' lang='lat' dir='ltr'>aliquid</span> <span class='ocrx_word' id='word_1_239' title='bbox 602 2380 649 2423; x_wconf 89' lang='lat' dir='ltr'>in</span> <span class='ocrx_word' id='word_1_240' title='bbox 670 2380 756 2424; x_wconf 89' lang='lat' dir='ltr'>hoc</span> <span class='ocrx_word' id='word_1_241' title='bbox 786 2380 954 2439; x_wconf 89' lang='lat' dir='ltr'>pedum</span> <span class='ocrx_word' id='word_1_242' title='bbox 987 2397 1118 2427; x_wconf 84' lang='lat' dir='ltr'>cursu</span> <span class='ocrx_word' id='word_1_243' title='bbox 1141 2400 1266 2428; x_wconf 87' lang='lat' dir='ltr'>aures</span> <span class='ocrx_word' id='word_1_244' title='bbox 1289 2394 1385 2430; x_wconf 85' lang='lat' dir='ltr'>tuas</span> <span class='ocrx_word' id='word_1_245' title='bbox 1404 2403 1555 2448; x_wconf 83' lang='lat' dir='ltr'>aequa-</span> 
     </span>
     <span class='ocr_line' id='line_1_32' title="bbox 141 2449 1551 2503; baseline 0.006 -8"><span class='ocrx_word' id='word_1_246' title='bbox 141 2451 264 2496; x_wconf 83' lang='lat' dir='ltr'>litate</span> <span class='ocrx_word' id='word_1_247' title='bbox 282 2459 359 2494; x_wconf 90' lang='lat' dir='ltr'>aut</span> <span class='ocrx_word' id='word_1_248' title='bbox 373 2451 588 2495; x_wconf 82' lang='lat' dir='ltr'>suavitate</span> <span class='ocrx_word' id='word_1_249' title='bbox 609 2449 857 2495; x_wconf 75' lang='lat' dir='ltr'>fraudavit?</span> <span class='ocrx_word' id='word_1_250' title='bbox 892 2455 944 2497; x_wconf 92' lang='lat' dir='ltr'>D.</span> <span class='ocrx_word' id='word_1_251' title='bbox 972 2453 1106 2499; x_wconf 89' lang='lat' dir='ltr'>Nullo</span> <span class='ocrx_word' id='word_1_252' title='bbox 1128 2455 1277 2500; x_wconf 89' lang='lat' dir='ltr'>modo.</span> <span class='ocrx_word' id='word_1_253' title='bbox 1304 2459 1365 2501; x_wconf 78' lang='lat' dir='ltr'>M.</span> <span class='ocrx_word' id='word_1_254' title='bbox 1393 2458 1551 2503; x_wconf 86' lang='lat' dir='ltr'>Delec-</span> 
     </span>
     <span class='ocr_line' id='line_1_33' title="bbox 142 2521 1551 2588; baseline 0.006 -22"><span class='ocrx_word' id='word_1_255' title='bbox 142 2522 329 2567; x_wconf 82' lang='lat' dir='ltr'>tavit—ne</span> <span class='ocrx_word' id='word_1_256' title='bbox 350 2521 544 2583; x_wconf 76' lang='lat' dir='ltr'>aliquid?</span> <span class='ocrx_word' id='word_1_257' title='bbox 573 2539 830 2584; x_wconf 75' lang='lat' dir='ltr'>quanquam</span> <span class='ocrx_word' id='word_1_258' title='bbox 851 2523 936 2568; x_wconf 90' lang='lat' dir='ltr'>hoc</span> <span class='ocrx_word' id='word_1_259' title='bbox 967 2525 1146 2586; x_wconf 87' lang='lat' dir='ltr'>quidem</span> <span class='ocrx_word' id='word_1_260' title='bbox 1179 2543 1453 2588; x_wconf 75' lang='lat' dir='ltr'>consequens</span> <span class='ocrx_word' id='word_1_261' title='bbox 1486 2540 1551 2574; x_wconf 91' lang='lat' dir='ltr'>est</span> 
     </span>
    </p>
   </div>
   <div class='ocr_carea' id='block_1_4' title="bbox 144 2594 1544 2660">
    <p class='ocr_par' dir='ltr' id='par_1_5' title="bbox 144 2594 1544 2660">
     <span class='ocr_line' id='line_1_34' title="bbox 144 2594 1544 2660; baseline 0.006 -22"><span class='ocrx_word' id='word_1_262' title='bbox 144 2594 191 2638; x_wconf 90' lang='lat' dir='ltr'>in</span> <span class='ocrx_word' id='word_1_263' title='bbox 225 2594 310 2640; x_wconf 89' lang='lat' dir='ltr'>hoc</span> <span class='ocrx_word' id='word_1_264' title='bbox 334 2609 506 2654; x_wconf 82' lang='lat' dir='ltr'>genere,</span> <span class='ocrx_word' id='word_1_265' title='bbox 531 2604 583 2641; x_wconf 88' lang='lat' dir='ltr'>ut</span> <span class='ocrx_word' id='word_1_266' title='bbox 618 2595 808 2641; x_wconf 83' lang='lat' dir='ltr'>delectet</span> <span class='ocrx_word' id='word_1_267' title='bbox 844 2611 974 2642; x_wconf 82' lang='lat' dir='ltr'>omne</span> <span class='ocrx_word' id='word_1_268' title='bbox 1002 2599 1125 2660; x_wconf 80' lang='lat' dir='ltr'>quod</span> <span class='ocrx_word' id='word_1_269' title='bbox 1163 2615 1255 2646; x_wconf 90' lang='lat' dir='ltr'>non</span> <span class='ocrx_word' id='word_1_270' title='bbox 1293 2600 1544 2647; x_wconf 83' lang='lat' dir='ltr'>offenderit.</span> 
     </span>
    </p>
   </div>
  </div>
 </body>
</html>
