1883 3194
592 224 919 260 HIPPONENSIS
950 224 1232 260 EPISCOPUS.
1582 233 1606 278 7

212 313 432 378 profanis
466 311 802 378 religiosisque
843 311 1057 361 scientiis
1094 319 1198 361 tam
1234 313 1387 361 altum
1424 322 1472 362 et
1507 319 1613 363 tam

212 392 490 439 abstrusum
505 427 517 448 ,
545 391 681 453 quod
705 390 778 437 vir
800 391 880 438 ille
903 391 1121 453 quodam
1150 392 1304 440 modo
1328 391 1612 441 universalis

214 469 434 517 effodere
461 485 564 515 non
583 468 801 515 valuerit.

277 558 346 604 Ut
370 566 561 615 autem,
593 557 727 619 quod
764 558 827 605 ad
855 572 964 604 rem
1001 558 1156 624 magis
1184 558 1383 617 attinet,
1417 558 1479 607 de
1505 575 1616 608 ser-

212 636 451 683 monibus
485 635 803 701 potissimum
844 636 1168 694 disseramus,
1210 652 1313 684 non
1351 637 1617 686 mediocris

214 714 501 776 eloquentiae
546 713 951 763 concionatorem
997 714 1137 762 illum
1197 715 1408 762 extitisse
1455 723 1619 780 patet,-

212 808 379 854 quem,
407 801 514 839 tum
531 792 644 839 artis
665 791 886 839 oratoriae
905 802 1147 857 praecepta
1163 794 1462 851 tradentem,
1491 802 1613 853 tum,

215 871 487 919 sacerdotio
512 870 626 917 licet
647 870 726 917 vix
746 870 1009 930 initiatum,
1038 873 1098 919 ad
1116 871 1416 936 praedicandi
1439 889 1619 921 munus

199 957 387 1004 *contra
406 964 605 996 morem
632 957 965 1013 assumptum,
989 959 1097 997 tum
1125 950 1335 1013 denique
1351 987 1364 1009 ‚
1394 967 1505 998 cum
1531 969 1621 1015 pu-

214 1026 367 1076 blicas
411 1028 676 1075 conciones
721 1026 958 1086 haberet,
1003 1029 1157 1076 modo
1202 1029 1429 1095 plausus,
1467 1030 1620 1077 modo

214 1106 456 1171 lacrymas
483 1105 761 1153 elicientem
778 1123 882 1154 non
899 1106 1067 1155 Africa
1085 1116 1278 1157 tantum
1291 1144 1304 1167 ,
1325 1109 1413 1156 sed
1438 1108 1625 1158 univer·

215 1190 298 1230 Sus
324 1184 472 1232 etiam
494 1184 709 1247 suspexit
732 1185 867 1232 orbis
894 1185 1202 1240 christianus,

284 1274 417 1322 Cum
435 1283 598 1322 autem
612 1274 939 1340 Augustinum
957 1276 1153 1341 legeris,
1177 1277 1238 1324 ad
1263 1277 1499 1341 resipsas‚
1520 1294 1627 1341 quae

217 1352 468 1409 dicuntur,
497 1369 603 1399 non
625 1353 686 1400 ad
708 1352 849 1401 illum
867 1389 879 1410 ,
905 1370 1006 1415 quo
1034 1354 1289 1412 dicuntur,
1317 1357 1530 1404 modum
1557 1366 1628 1404 at·-

215 1432 380 1479 tende.
417 1431 622 1478 Nullum
650 1431 868 1495 reperies
902 1433 1217 1496 scriptorem,
1242 1432 1326 1495 qui
1357 1440 1493 1482 tanta
1512 1450 1627 1484 cum

216 1509 502 1558 auctoritate
527 1518 631 1557 tam
665 1509 823 1557 multa
844 1509 992 1557 simul
1030 1518 1078 1557 et
1102 1517 1203 1558 tam
1230 1510 1480 1576 profunda
1506 1529 1629 1577 pau-

218 1588 435 1637 cioribus
457 1587 621 1635 verbis
665 1587 933 1652 complecti
968 1587 1237 1636 resciverit.
1282 1589 1429 1637 Absit
1461 1599 1626 1640 autem

216 1674 271 1714 ut
288 1682 495 1731 graecam
512 1682 696 1729 quaeras
721 1666 1078 1729 eloquentiam,
1110 1684 1228 1729 qua,
1263 1667 1491 1716 locorum
1523 1668 1627 1716 dis-

217 1744 371 1790 tantia
394 1751 441 1790 et
464 1751 753 1808 temporum
779 1742 1100 1807 improbitate
1128 1744 1328 1792 orbatus
1355 1754 1441 1793 est.
1469 1744 1625 1794 Rudis

218 1821 270 1868 in
299 1821 538 1881 dicendQ
567 1821 670 1868 imo
699 1829 747 1868 et
758 1820 1061 1874 incorrectus
1076 1839 1227 1886 saepe,
1251 1831 1298 1870 et
1322 1823 1628 1872 semibarba-

218 1915 329 1957 rus,¹
353 1899 680 1961 colloquentis
710 1898 876 1964 potius
904 1914 1045 1946 more
1073 1917 1224 1962 quam
1254 1900 1629 1966 concionanti&

219 1977 394 2025 breves
437 1977 650 2026 scribere
691 1977 945 2041 sententiis
980 1976 1291 2026 brevioribus
1322 1979 1625 2045 interceptos

220 2072 492 2114 sermones,
518 2055 812 2104 acutioribus
825 2055 990 2102 verbis
1013 2064 1060 2102 et
1080 2057 1217 2119 quasi
1234 2058 1362 2105 inter
1380 2073 1433 2105 se
1458 2058 1631 2106 luden-

219 2135 350 2184 tibus
375 2134 549 2198 saepius
576 2134 674 2191 uti,
705 2134 880 2181 eadem
906 2133 1088 2181 iterum
1113 2142 1256 2197 atque
1288 2135 1468 2184 iterum
1486 2151 1628 2201 repe-

219 2221 322 2260 tere
339 2248 352 2270 ‚
391 2211 618 2277 praedicta
638 2211 772 2275 prius
793 2212 931 2259 novis
952 2212 1168 2260 involuta
1191 2214 1397 2277 loquelis
1420 2215 1623 2274 reserre,

223 2290 668 2353 communibusque
716 2289 863 2337 locis·
893 2291 1070 2339 diutius
1113 2293 1375 2342 immorari
1426 2294 1622 2353 solitus:

222 2370 429 2418 inferior
464 2370 666 2433 quidem
694 2370 910 2429 Graecis,
950 2373 1138 2420 Latinis
1186 2383 1354 2422 autem
1393 2375 1628 2424 omnibus

226 2448 452 2510 superior
468 2483 481 2505 ,
502 2449 677 2511 quibus
703 2448 853 2496 talem
886 2449 1136 2499 catholicae
1161 2452 1391 2500 doctrinae
1425 2453 1626 2502 thesau-

226 2542 337 2572 rum
365 2526 571 2589 aperuit,
597 2534 650 2572 ut
685 2525 838 2590 ipsius
866 2527 1020 2575 verba
1048 2529 1108 2576 ad
1133 2530 1368 2578 amussim
1392 2547 1629 2596 usurpare

225 2619 318 2650 nec
338 2603 445 2665 ipsa
483 2603 812 2650 dubitaverint
840 2605 1060 2653 concilia
1099 2605 1296 2654 Erraret
1324 2615 1492 2657 tamen
1517 2625 1628 2672 gra-
