1852 3163
575 222 698 249 LIBER
733 221 786 248 Di:
822 220 950 248 newa
993 221 1102 246 Ην..
1453 207 1532 245 1:32

524 363 573 409 A
577 379 772 425 ligamen
779 364 817 408 tc·
835 362 1146 408 continuatio.

197 502 386 546 XXVII.
423 503 504 546 Hm
527 516 628 546 cum
647 511 690 546 et
718 501 792 546 ille
814 511 858 548 et
874 501 1019 546 eaeteri
1043 500 1307 545 arrisissent:
1331 498 1448 544 Illud
1470 509 1539 544 ta-

138 589 265 629 men,
292 572 497 633 inquam,
526 571 779 632 diligentius
813 572 1116 628 attendamus,
1151 571 1255 632 quia
1283 571 1362 615 etsi
1393 571 1542 616 timuit

138 644 218 689 iste
233 679 244 699 ,
272 659 364 688 non
386 644 506 702 eguit
524 662 532 688 ε
558 643 678 687 unde
695 644 879 704 quaestio
897 653 976 688 est.
1002 646 1143 702 Egere
1166 651 1230 687 est
1248 642 1366 686 enim
1382 642 1429 686 in
1450 656 1542 686 non

138 714 344 759 habendo
359 749 369 769 ,
396 730 487 759 non
513 714 559 758 in
582 715 737 759 timore
757 714 987 759 amittendi
1006 731 1105 775 quae
1127 714 1303 759 habeas.
1333 715 1440 757 Erat
1460 729 1541 757 au-

139 795 228 831 tem
249 786 327 830 iste
349 785 479 830 miser
493 821 503 841 ,
526 786 629 846 quia
646 786 872 831 metuebat
886 822 897 842 ,
923 785 1122 847 quamvis
1144 801 1234 830 non
1256 793 1417 844 egeret.
1443 787 1544 829 Non

140 857 274 917 igitur
297 857 461 913 omnis,
488 858 564 918 qui
587 858 717 902 miser
739 867 823 914 est,
856 867 968 917 eget.
996 856 1127 911 Quod
1148 873 1251 901 eum
1268 855 1545 917 approbavis-

140 938 205 974 set
222 944 324 974 eum
344 929 511 974 eaeteris
534 930 663 974 etiam
688 930 779 990 ipsa
802 931 925 990 eujus
946 929 1207 974 sententiam
1230 927 1542 983 defendebam,

141 1001 467 1062 aliquantulum
484 1012 632 1046 tamen
651 1001 917 1046 addubitans
936 1020 944 1045 ε
970 1001 1124 1046 Nescio
1142 1037 1152 1057 ,
1173 1000 1345 1061 inquit,
1370 1009 1519 1044 tamen
1532 1035 1544 1055 ,

141 1083 185 1118 et
206 1072 407 1119 nondum
437 1073 567 1134 plene
599 1073 818 1131 intelligo,
857 1073 1082 1134 quomodo
1117 1073 1172 1118 ab
1196 1082 1387 1132 egestate
1411 1072 1549 1133 possit

141 1144 337 1201 miseria,
369 1153 446 1189 aut
479 1154 644 1204 egestas
667 1161 691 1188 a
729 1145 899 1188 miseria
922 1144 1125 1204 separari.
1158 1146 1269 1188 Nam
1304 1153 1347 1187 et
1368 1143 1448 1188 iste
1472 1143 1550 1203 qui

142 1215 261 1262 dives
275 1225 318 1261 et
337 1215 534 1277 locuples
549 1225 640 1260 erat
652 1252 663 1272 ,
689 1225 732 1260 et
750 1215 858 1260 nihil
877 1220 954 1272 (ut
975 1215 1146 1275 dicitis)
1169 1214 1356 1276 amplius
1376 1213 1551 1259 deside-

142 1287 266 1333 rabat
283 1323 293 1344 ,
310 1297 459 1332 tamen
480 1288 582 1349 quia
605 1287 831 1333 metuebat
846 1303 901 1332 ne
924 1287 1168 1343 amitteret,
1194 1286 1351 1345 egebat
1373 1286 1550 1346 sapien-

143 1359 217 1404 tia.
244 1361 448 1419 Ergo-ne
470 1360 590 1403 hunc
613 1367 816 1418 egentem
842 1358 1085 1402 diceremus
1103 1394 1113 1414 ,
1140 1359 1174 1402 si
1196 1367 1344 1417 egeret
1367 1367 1552 1417 argento

143 1440 187 1477 et
217 1431 429 1491 pecunia,
461 1446 563 1476 cum
592 1440 739 1490 egeret
768 1430 1005 1491 sapientia,
1041 1446 1132 1475 non
1160 1429 1436 1474 diceremus?
1465 1430 1551 1475 Ubi

144 1519 246 1550 eum
278 1519 428 1548 omnes
462 1502 662 1548 mirando
693 1502 1032 1559 exclamassent,
1075 1517 1145 1546 me
1168 1502 1262 1562 ipso
1294 1502 1425 1547 etiam
1461 1518 1553 1547 non

142 1574 420 1619 mediocriter
442 1573 574 1619 alacri
591 1584 723 1635 atque
738 1573 856 1630 laeto,
878 1573 1002 1635 quod
1019 1574 1073 1618 ab
1090 1590 1138 1618 ea
1161 1574 1437 1634 potissimum
1460 1573 1554 1618 die-

146 1656 238 1691 tum
253 1655 363 1691 esset
379 1682 389 1702 ,
415 1645 538 1707 quod
559 1661 639 1705 pro
665 1661 827 1704 magno
850 1645 905 1689 de
928 1644 1295 1705 philosophorum
1318 1644 1463 1700 libris,
1488 1653 1554 1688 at-

145 1734 232 1780 que
254 1717 463 1762 ultimum
489 1715 685 1777 proferre
709 1731 962 1776 paraveram
984 1735 993 1761 :
1026 1715 1268 1760 Videtis-ne
1286 1751 1296 1771 ,
1339 1716 1522 1775 inquam
1540 1751 1551 1772 ,

146 1787 266 1834 aliud
296 1804 385 1833 esse
404 1787 564 1831 multas
592 1787 821 1849 variasque
845 1785 1066 1831 doctrinas
1082 1822 1092 1842 ,
1119 1785 1238 1830 aliud
1267 1786 1463 1830 animum
1484 1796 1553 1831 at—

145 1860 434 1907 tentissimum
457 1861 503 1904 in
528 1862 698 1905 Deum?
716 1862 826 1904 Nam
839 1857 1049 1903 undeista
1063 1894 1073 1912 ,
1095 1874 1194 1919 quae
1217 1858 1454 1914 miramur,
1470 1858 1556 1903 nisi

145 1930 250 1979 inde
262 1969 272 1988 ,
291 1932 563 1993 procedunt?
579 1932 658 1976 Hic
675 1931 896 1976 Licentius
913 1930 1040 1975 laetus
1060 1929 1324 1975 exclamans:
1348 1934 1548 1985 Prorsus,

146 2005 316 2066 inquit,
353 2004 464 2049 nihil
493 2004 663 2059 verius,
692 2003 803 2048 nihil
826 2003 1016 2048 divinius
1041 2002 1127 2047 dici
1163 2003 1324 2063 potuit.
1365 2006 1475 2048 Nam
1510 2012 1554 2048 et

147 2078 287 2137 major
316 2085 361 2121 et
389 2075 678 2120 miserabilior
703 2084 868 2134 egestas
893 2073 1013 2119 nulla
1039 2083 1124 2130 est,
1164 2090 1297 2135 quam
1321 2089 1444 2132 egere
1483 2091 1554 2119 sa-

147 2148 334 2209 pientia3
359 2157 402 2193 et
429 2148 506 2210 qui
522 2147 734 2209 sapientia
751 2162 842 2191 non
860 2155 958 2206 eget
974 2182 985 2202 ,
1010 2145 1135 2191 nulla
1156 2162 1201 2192 re
1219 2146 1399 2193 omnino
1426 2163 1553 2208 egere

148 2228 306 2280 potest.

646 2387 820 2435 Animi
849 2396 1053 2452 egestas.

212 2509 423 2552 XXVIII.
459 2509 544 2552 EST
576 2523 680 2566 ergo
706 2507 839 2552 animi
873 2517 1057 2567 egestas,
1080 2508 1285 2570 inquam,
1312 2508 1421 2552 nihil
1439 2507 1558 2552 aliud

157 2595 289 2640 quam
312 2578 510 2624 stultitia.
545 2582 648 2623 Haec
673 2588 736 2624 est
759 2581 874 2623 enim
913 2580 1128 2624 contraria
1164 2581 1386 2640 sapientise
1404 2616 1414 2627 „
1440 2589 1482 2624 et
1504 2580 1559 2623 ita
