1852 3163
268 182 321 222 94
710 197 744 223 5.
779 193 1011 224 Auens'imi
1043 197 1225 225 Ei‘iscori

262 346 516 363 WVUQVWOENWW
520 347 1654 370 WWUWWWWWUMWWWWWWVMNWUUWWWWWWWW

756 484 976 534 CAPUT
1013 484 1152 537 XIV.

323 628 608 690 Sapientem
637 640 825 691 oportet
852 631 1108 693 sapientiae
1138 631 1311 680 saltem
1341 627 1582 681 assentiri.

315 768 457 810 XXX.
493 770 585 812 JAM
607 783 710 827 ergo
725 767 776 814 ad
802 784 898 813 eam
918 778 1089 830 partem
1108 770 1355 827 veniamus,
1380 770 1427 816 in
1457 787 1544 833 qua
1566 771 1654 816 du-

255 838 395 883 bitare
430 839 575 885 adhuc
596 839 772 886 videtur
792 840 992 901 Alypius.
1019 845 1078 887 Et
1107 842 1249 903 primo
1270 843 1461 904 idipsum
1483 843 1655 904 perspi-

253 911 418 957 ciamus
452 912 581 974 quale
615 913 690 969 sit,
723 915 845 975 quod
882 923 926 959 16
961 915 1210 960 acutissime
1242 925 1375 977 atque
1408 915 1656 960 cautissime

252 994 414 1029 movet.
436 988 547 1030 Nam
570 986 604 1030 si
635 994 701 1030 tot
733 986 953 1047 tantisque
989 988 1235 1032 rationibus
1267 988 1519 1033 roboratam
1540 987 1655 1047 (hoc

251 1055 368 1099 enim
406 1054 579 1116 dixisti)
601 1056 964 1103 Academicorum
984 1059 1272 1115 sententiam,
1298 1075 1386 1120 qua
1408 1059 1467 1103 eis
1489 1058 1657 1119 placuit

251 1127 362 1171 1111111
404 1128 510 1172 56116
544 1129 806 1188 sapientem,
833 1130 917 1174 hoc
968 1139 1097 1175 tuum
1128 1129 1366 1176 labefactat
1398 1131 1650 1188 inventum,

250 1215 340 1260 quo
362 1201 558 1259 cogimur
583 1201 782 1245 confiteri
805 1201 947 1247 multo
976 1217 1067 1246 esse
1088 1202 1386 1262 probabilius,
1412 1202 1655 1263 sapientem

250 1270 359 1316 scire
382 1271 661 1332 sapientiam,
686 1272 823 1331 magis
841 1282 906 1317 est
927 1274 1116 1318 assensio
1131 1273 1393 1318 cohibenda.
1420 1275 1515 1318 Hoc
1537 1272 1655 1317 enim

248 1343 341 1403 ipso
362 1342 608 1388 ostenditur
624 1343 734 1388 nihil
752 1343 998 1404 quamlibet
1018 1344 1322 1405 copiosissimis
1335 1343 1657 1390 subtilissimis-

245 1431 334 1477 que
356 1416 623 1475 argumentis
644 1430 769 1476 posse
791 1414 990 1472 suaderi,
1015 1415 1088 1461 cui
1108 1432 1199 1462 non
1213 1426 1401 1477 exparte
1416 1415 1649 1471 contraria,

246 1487 282 1532 si
315 1487 425 1533 adsit
445 1488 694 1548 ingenium,
723 1502 815 1532 non
835 1487 980 1532 minus
1003 1487 1160 1533 acriter
1174 1524 1186 1545 ,
1210 1488 1282 1534 1761
1303 1487 1486 1533 fortasse
1507 1486 1652 1532 acrius

243 1561 483 1605 resistatur.
508 1564 574 1606 Eo
596 1561 669 1617 fit,
695 1569 746 1605 ut
764 1576 866 1605 cum
893 1560 947 1605 sit
974 1561 1118 1606 victus
1142 1560 1455 1617 Academicus,
1479 1559 1648 1606 vicerit.

246 1633 284 1677 Ο
308 1633 476 1677 utinam
498 1632 725 1688 vincatur,
750 1647 981 1693 nunquam
1000 1633 1162 1678 efficiet
1179 1632 1377 1693 quamvis
1394 1641 1485 1677 arte
1507 1630 1654 1677 Pelas-

245 1719 320 1764 ga,
346 1714 397 1749 ut
420 1703 550 1749 simul
577 1721 601 1749 a
622 1720 693 1749 1116
720 1704 862 1750 17161115
889 1703 1123 1765 victorque
1145 1703 1357 1750 discedat.
1384 1705 1514 1750 Certe
1541 1702 1652 1748 nihil

245 1776 367 1822 aliud
396 1776 645 1822 inveniatur
667 1775 790 1837 quod
812 1776 1045 1821 adversum
1066 1776 1148 1821 ista
1170 1775 1258 1821 dici
1278 1775 1437 1836 possit,
1462 1784 1507 1820 et
1533 1773 1652 1820 ultro

242 1864 314 1893 me
326 1849 491 1894 victum
509 1864 599 1894 esse
611 1849 835 1909 profiteor.
851 1850 951 1894 Non
964 1848 1080 1891 enim
1099 1847 1155 1892 de
1170 1845 1306 1906 gloria
1325 1844 1624 1906 comparanda
1635 1881 1647 1902 ‚

244 1921 321 1965 sed.
342 1919 397 1965 de
414 1919 676 1965 invenienda
698 1919 881 1965 veritate
903 1927 1156 1963 tractamus.
1181 1917 1292 1963 Mihi
1305 1917 1406 1962 satis
1420 1927 1484 1962 est
1499 1952 1510 1973 ,
1537 1932 1652 1978 quo-

242 2008 332 2053 quo
353 1991 488 2037 modo
510 1990 673 2036 molem
689 1991 817 2036 istam
836 1988 1145 2035 transcendere
1159 2024 1171 2045 ,
1191 2004 1295 2050 quae
1309 1987 1579 2033 intrantibus
1593 1986 1651 2033 ad

244 2064 567 2125 philosophiam
590 2080 681 2109 sese
704 2063 912 2124 opponit,
944 2072 989 2108 et
1010 2062 1157 2107 nescio
1180 2061 1343 2123 quibus
1365 2059 1650 2121 receptaculis

244 2137 549 2182 tenebrascens
592 2135 726 2181 talem
762 2151 852 2180 esse
884 2134 1210 2196 philosophiam
1242 2141 1380 2177 totam
1417 2131 1615 2177 minatur
1632 2166 1645 2188 ,

244 2208 444 2270 nihilque
477 2209 523 2253 in
540 2224 590 2253 ea
611 2207 720 2253 lucis
742 2208 975 2253 inventum
1007 2206 1061 2251 iri
1081 2216 1253 2266 sperare
1273 2203 1511 2264 permittit.
1532 2201 1651 2258 Quid

246 2290 393 2325 autem
416 2278 601 2340 amplius
623 2278 865 2323 desiderem
882 2314 893 2334 ‚
918 2277 1030 2322 nihil
1050 2277 1217 2332 habeo,
1252 2274 1288 2319 si
1302 2275 1396 2335 jam
1418 2273 1648 2335 probabile

245 2362 310 2398 est
339 2351 542 2398 nonnihil
563 2352 670 2396 scire
692 2351 946 2411 sapientem.
966 2352 1065 2396 Non
1103 2348 1218 2393 enim
1258 2345 1342 2391 alia
1363 2362 1492 2392 causa
1529 2346 1646 2393 veri-

245 2424 382 2469 simile
410 2423 642 2468 videbatur
664 2438 764 2467 eum
788 2421 1079 2466 assensionem
1113 2419 1324 2464 sustinere
1354 2418 1537 2474 debere,
1563 2417 1647 2462 nisi

243 2497 345 2557 quia
369 2505 460 2540 erat
480 2494 711 2540 verisimile
733 2494 843 2538 nihil
864 2509 989 2554 posse
1010 2491 1338 2552 comprehendi.
1375 2494 1473 2546 Quo
1491 2489 1644 2535 subla-

246 2577 313 2623 to,
339 2566 523 2628 percipit
544 2565 661 2610 enim
681 2564 851 2625 sapiens
874 2563 946 2611 vel
964 2564 1104 2625 ipsam
1119 2571 1170 2609 ut
1187 2563 1277 2624 jam
1295 2561 1551 2610 conceditur
1571 2575 1642 2606 sa-
