1888 3168
502 218 626 245 nami
657 217 711 245 DE
745 214 1018 253 QUAN'HTATE
1054 216 1215 244 amur-fl
1473 208 1551 246 281

167 284 363 339 videtur,
392 283 622 328 crescentis
652 298 753 328 cum
788 298 992 342 corpore,
1025 299 1073 327 ac
1107 281 1267 327 deinde
1300 284 1561 329 senescentis

168 356 325 400 animm
346 354 559 400 indicium
581 364 659 400 cst.

227 429 433 471 XXXVI.
459 429 512 470 A.
537 428 637 471 Non
658 440 975 487 usquequaque
999 424 1241 470 absurdum
1269 435 1333 470 est
1355 427 1475 487 quod
1493 426 1563 471 di.-

168 498 227 542 cis
246 517 254 543 2
280 497 356 541 sed
373 511 452 554 ego
473 495 584 541 vires
607 512 697 542 non
715 497 850 556 magis
873 498 919 540 in
939 495 1230 556 amphtudine
1248 497 1440 556 corporis
1464 508 1566 543 aeta-

168 569 309 630 tisque
349 568 627 612 incrementis
642 604 652 624 ,
687 584 821 630 quam
863 569 908 613 111
944 567 1254 613 exercitatione
1299 568 1489 630 quadam
1524 580 1567 615 ct

168 638 517 685 conformatione
545 639 847 685 membrorum
870 654 960 684 esse
982 639 1100 685 soleo
1121 649 1302 700 putare,
1327 639 1371 684 id
1389 639 1499 685 adeo
1518 650 1568 685 ut

166 711 246 755 tibi
271 711 455 771 probem
470 747 480 767 ,
507 727 658 772 quaero
681 713 757 757 abs
780 721 821 757 te
844 720 993 756 utrum
1016 710 1150 755 alium
1184 710 1268 756 alio
1297 711 1564 771 pertinacius

167 781 409 839 ambulare,
437 799 487 827 ac
510 784 654 828 minus
677 781 928 843 defatigari,
952 784 1171 843 majorum
1196 782 1356 828 virium
1379 798 1468 827 esse
1494 800 1565 828 ar-

167 854 371 900 bitreris?
399 857 450 899 E.
480 858 545 900 Ita
568 855 724 901 sentio.
756 858 809 900 A.
840 858 930 901 Cur
952 870 1055 915 ergo
1077 870 1187 915 puer
1208 854 1349 899 multo
1380 854 1567 916 amplius

166 926 331 971 itineris
369 926 657 972 conficiebam
688 928 780 973 sine
802 927 994 983 defectu,
1025 943 1126 972 cum
1150 926 1399 988 aucupandi
1421 927 1567 972 studio

165 997 210 1040 in
228 997 498 1043 ambulando
520 1013 757 1055 exercerer,
781 1015 916 1061 quam
939 998 1188 1044 adolescens
1212 1014 1314 1043 cum
1331 1014 1400 1043 me
1414 997 1470 1043 ad
1487 998 1570 1043 alia

166 1068 332 1125 studia,
354 1069 515 1130 quibus
537 1069 686 1116 sedere
712 1071 848 1131 magis
872 1071 1081 1130 cogebar,
1108 1070 1410 1126 contulissem,
1436 1070 1470 1115 si
1496 1086 1569 1115 ac·

164 1138 337 1184 cedenti
359 1141 493 1196 aetati,
511 1151 554 1186 et
566 1157 644 1202 per
660 1142 775 1187 hanc
796 1142 952 1188 animae
975 1142 1187 1187 crescenti
1203 1134 1314 1186 vires
1335 1140 1569 1201 ampliores

165 1210 414 1256 tribuendae
445 1221 564 1257 sunt.
597 1213 765 1258 Deinde
798 1214 844 1258 in
877 1214 980 1275 ipsis
1010 1213 1281 1258 luctatorum
1310 1212 1569 1272 corporibus

164 1281 401 1342 palestritae
423 1299 515 1329 non
528 1283 692 1329 molem
714 1301 763 1330 ac
786 1284 1158 1345 magnitudinem,
1180 1283 1256 1328 sed
1278 1282 1417 1328 nodos
1440 1299 1570 1345 quos-

164 1353 266 1398 dam
286 1354 575 1412 lacertorum,
599 1366 643 1401 ct
664 1356 894 1401 destrictos
927 1364 1062 1410 toros,
1091 1355 1367 1415 figuramque
1391 1371 1569 1400 omnem

162 1425 355 1484 corporis
384 1425 466 1469 sibi
485 1434 804 1485 congruentem
826 1426 1088 1486 peritissime
1111 1426 1372 1487 inspiciunt,
1400 1436 1443 1473 et
1463 1427 1567 1472 111110

162 1496 307 1557 potius
341 1507 598 1557 argumenta
633 1498 795 1543 virium
827 1498 1056 1557 colligunt.
1094 1502 1204 1553 Quae
1240 1508 1388 1544 tamen
1423 1500 1569 1544 omnia

163 1583 319 1628 parum
335 1568 499 1625 valent,
520 1569 602 1614 nisi
624 1570 687 1614 vis
712 1570 812 1615 artis
833 1580 877 1615 et
891 1571 1210 1616 exercitationis
1229 1571 1422 1616 accedat.
1449 1574 1571 1631 Saepe

163 1639 295 1683 ctiam
316 1641 457 1684 visum
480 1650 545 1684 est
566 1641 755 1700 ingentis
777 1642 973 1701 corporis
1000 1642 1138 1697 viros,
1161 1642 1216 1686 ab
1239 1642 1404 1701 exiguis
1425 1642 1570 1686 brevi-

164 1711 336 1771 busque
358 1712 570 1771 superari,
595 1711 665 1757 vel
687 1712 733 1756 in
763 1712 1008 1768 movendis,
1027 1712 1098 1758 vel
1121 1713 1165 1757 in
1187 1713 1379 1758 ferendis
1401 1712 1572 1773 ponde-

164 1782 306 1838 ribus,
331 1781 402 1827 vel
427 1782 473 1826 in
502 1783 596 1842 ipso
621 1784 753 1827 etiam
780 1783 1037 1831 luctamine.
1067 1786 1180 1829 Nam
1211 1782 1570 1843 Olympionicum

163 1852 410 1913 quemlibet
443 1851 592 1897 lassari
633 1854 789 1898 itinere
828 1855 954 1898 citius
993 1870 1127 1915 quam
1172 1853 1571 1899 circumforaneum

163 1923 356 1982 aliquem
383 1933 696 1978 mercatorem,
722 1924 800 1985 qui
824 1940 914 1969 11110
936 1924 1054 1969 illius
1076 1924 1215 1983 digito
1237 1923 1388 1968 collidi
1409 1926 1566 1985 possit,

163 1994 233 2037 0111
256 2002 320 2037 est
341 1993 649 2052 incognitum?
677 1996 822 2046 Quare
844 1994 878 2037 si
906 2003 950 2037 et
972 1993 1083 2053 ipsas
1111 1994 1223 2038 vires
1251 2011 1342 2040 non.
1364 2011 1570 2057 peraeque

164 2080 330 2119 omnes,
362 2063 438 2109 sed
467 2063 570 2109 alias
603 2064 659 2108 ad
681 2063 803 2108 aliud
839 2065 1026 2124 aptiores
1061 2080 1241 2124 magnas
1263 2082 1494 2123 vocamus,
1527 2078 1571 2114 et

164 2151 399 2196 corporum
416 2135 682 2181 lineamenta
699 2135 836 2194 magis
854 2144 897 2180 et
919 2136 1072 2195 figurae
1090 2153 1224 2198 quam
1242 2139 1566 2198 magnitudines

163 2207 313 2252 valent
345 2206 610 2267 plurimum,
637 2215 681 2250 et
714 2206 747 2250 si
781 2206 1106 2259 exercitationes
1141 2217 1316 2253 tantum
1347 2210 1565 2267 afferunt,

164 2287 215 2323 ut
237 2277 521 2321 celeberrime
561 2277 780 2321 creditum
803 2277 878 2332 sit,
904 2278 1130 2324 hominem
1154 2279 1350 2325 tollendo
1372 2281 1569 2342 quotidie

165 2348 353 2394 vitulum
376 2363 581 2408 parvum,
609 2349 743 2408 egisse
768 2358 818 2392 ut
842 2365 944 2394 eum
971 2351 1102 2395 etiam
1129 2361 1302 2397 taurum
1324 2353 1418 2398 sine
1439 2369 1569 2398 sensu

165 2419 338 2479 majoris
362 2420 519 2475 oneris,
541 2420 662 2480 quod
684 2420 901 2480 paulatim
920 2420 1181 2479 addebatur,
1206 2423 1358 2468 tollere
1377 2440 1425 2469 ac
1440 2425 1568 2468 susti-

166 2506 270 2535 nere
292 2500 455 2550 posset,
479 2506 757 2552 nequaquam
781 2491 1000 2552 amplioris
1023 2495 1160 2540 [etatis
1188 2495 1298 2541 vires
1327 2511 1428 2541 cum
1462 2512 1557 2541 cor-

166 2577 271 2622 pore
295 2562 483 2608 animam
505 2563 687 2609 crevisse
707 2563 968 2621 significant.
