1888 3168
257 186 340 222 300
693 197 726 222 s.
764 194 1000 223 Auers‘ruw
1033 196 1215 223 Episcom

257 278 332 305 nus
355 260 684 320 anteponendos
703 271 931 322 putemus,
959 278 1059 306 eum
1081 262 1166 305 illac
1189 263 1378 308 habeant
1399 266 1639 323 seientiam,

254 342 296 376 et
326 334 438 375 hane
473 332 610 392 pluris
642 349 776 394 quam
815 333 1026 377 rationem
1057 332 1303 392 pedendam
1330 351 1418 380 esse
1446 353 1645 398 comper-

257 413 347 447 tum
370 404 451 448 siti)

252 561 294 577 ιὶὶ
299 561 365 578 SM!
371 562 436 582 §W
442 562 507 578 ἉΊΊ
513 561 578 578 §VSM
582 562 649 579 Νιὶἱ
654 562 720 578 m
726 562 863 578 wums
868 562 1149 580 mmmmwuwu
1155 563 1221 580 ἋΛΛ
1228 564 1436 583 ΜΏΜΛΛΜΑΑ
1442 566 1507 583 νυνὶ
1511 567 1650 584 ΊΜΛΑᾺὶἱ

684 697 902 747 CAPUT
950 700 1197 747 XXVIII.

335 831 515 877 Bestiae
538 834 635 877 vim
657 831 896 877 sentiendi
920 830 1125 889 habent,
1157 848 1254 878 non
1285 835 1553 879 scientiam.

306 970 419 1012 LIV.
446 971 498 1013 E.
525 971 675 1014 Coeon
700 970 881 1015 omnino
906 979 982 1015 aut
1004 970 1234 1015 seientiam
1257 970 1404 1015 bestiis
1426 986 1517 1015 non
1535 985 1642 1015 eon-

244 1039 398 1084 cedere
415 1076 425 1095 ,
452 1051 528 1085 aut
545 1041 651 1085 nihil
668 1058 866 1087 recusare
880 1043 989 1104 quin
1002 1043 1110 1087 mihi
1124 1044 1280 1088 merito
1298 1052 1642 1103 anteponantur.

246 1112 330 1155 Sed
352 1128 501 1172 quaeso
524 1112 692 1172 explica
721 1113 857 1170 illud,
885 1114 1007 1175 quod
1031 1114 1086 1159 de
1120 1131 1227 1159 eane
1258 1115 1421 1173 Ulyssis
1449 1129 1646 1160 comme·
1676 1123 1684 1130 ‘

242 1184 434 1238 moravi,
460 1183 696 1244 qualenam
719 1185 773 1230 sit
800 1206 809 1231 :
846 1202 949 1230 nam
972 1188 1064 1246 ejus
1092 1186 1376 1231 admiratione
1401 1195 1646 1231 commotus
1688 1229 1691 1233 .

244 1264 332 1298 tam
354 1255 542 1300 inaniter
566 1256 736 1301 latravi.
763 1261 815 1301 Α.
843 1257 963 1311 Quid
985 1267 1133 1302 autem
1157 1258 1241 1303 hoe
1269 1267 1397 1318 putas
1427 1273 1538 1313 esse,
1565 1257 1648 1301 nisi

242 1326 330 1369 vim
351 1326 590 1386 quamdam
611 1328 851 1383 sentiendi,
870 1344 960 1373 non
973 1328 1133 1373 sciendi
1151 1332 1168 1373 ἶ)
1183 1332 1320 1374 Sensu
1334 1329 1451 1374 enim
1464 1345 1542 1374 nos
1555 1329 1649 1373 bes-

244 1399 312 1441 tiae
336 1398 488 1442 multae
510 1409 740 1459 superant,
773 1401 897 1459 cujus
925 1400 987 1443 rei
1013 1415 1189 1444 causam
1211 1415 1300 1444 non
1325 1401 1396 1443 hic
1417 1400 1540 1443 Iocus
1583 1409 1647 1443 cst

240 1478 288 1512 ut
310 1485 559 1528 quaeramus
584 1490 592 1514 :
619 1479 766 1514 mente
789 1481 959 1525 autem,
995 1471 1162 1514 ratione
1179 1506 1189 1526 ‚
1224 1469 1430 1528 seientia,
1454 1486 1533 1514 nos
1562 1469 1645 1513 illis

240 1542 354 1583 Deus
373 1541 629 1599 praeposuit.
654 1540 738 1585 Sed
756 1540 829 1584 ille
848 1556 997 1585 sensus
1022 1556 1069 1584 ea
1084 1540 1246 1600 quibus
1268 1539 1371 1584 tales
1389 1540 1546 1584 animae
1568 1540 1647 1585 de-

240 1610 479 1667 lectantur,
520 1612 754 1657 accedente
785 1611 1104 1656 consuetudine
1136 1613 1259 1671 cujus
1282 1627 1441 1670 magna
1467 1612 1531 1656 vis
1555 1622 1641 1668 est,

236 1691 379 1741 potest
393 1683 638 1727 discernere
651 1718 661 1737 ,
680 1693 812 1743 atque
825 1697 876 1726 eo
892 1682 1061 1727 facilius
1073 1719 1084 1738 ,
1102 1683 1225 1743 quod
1239 1683 1383 1727 anima
1397 1681 1645 1728 belluarum

236 1755 368 1811 magis
391 1754 563 1813 corpori
578 1754 704 1797 affixa
719 1763 782 1797 est
798 1789 808 1809 ‚
829 1755 954 1814 eujus
970 1754 1031 1797 illi
1047 1764 1149 1798 sunt
1165 1770 1315 1799 sensus
1331 1754 1492 1815 quibus
1504 1755 1644 1800 utitur

236 1824 293 1869 ad
310 1826 475 1869 victum
498 1825 861 1885 voluptatemque
877 1861 887 1881 ‚
921 1841 1056 1886 quam
1091 1842 1142 1869 ex
1175 1827 1331 1870 eodem
1353 1825 1429 1870 illo
1461 1841 1643 1887 corpore

233 1897 362 1956 capit.
383 1899 586 1940 Humana
601 1912 705 1940 vero
737 1897 880 1940 anima
902 1912 980 1956 per
998 1897 1212 1941 rationem
1238 1906 1369 1957 atque
1397 1897 1638 1953 scientiam,

233 1966 288 2010 de
311 1967 472 2027 quibus
492 1966 660 2025 agimus
686 1965 808 2026 quod
831 1976 933 2011 sunt
957 1967 1036 2010 ista
1058 1966 1190 2025 longe
1212 1968 1516 2026 praestantiora
1538 1984 1640 2012 sen-

232 2039 373 2094 sibus,
402 2037 631 2098 suspendit
656 2053 699 2082 se
724 2054 747 2081 a
771 2054 953 2098 corpore
971 2048 1190 2099 quantum
1212 2048 1377 2098 potest,
1398 2048 1441 2083 et
1454 2054 1518 2095 ea,
1541 2056 1640 2100 quae

235 2111 348 2154 intus
372 2120 435 2154 est
449 2146 459 2165 ‚
475 2109 685 2154 libentius
699 2109 862 2154 fruitur
884 2110 1112 2170 voluptate
1126 2146 1136 2165 ‚
1156 2119 1414 2170 quantoque
1428 2110 1475 2153 in
1491 2126 1638 2156 sensus

232 2181 442 2237 declinat,
481 2190 605 2226 tanto
633 2182 768 2240 magis
798 2182 1052 2227 similiorem
1080 2182 1304 2226 hominem
1331 2182 1478 2241 pecori
1512 2182 1633 2228 facit.

232 2253 341 2296 Inde
359 2251 565 2313 estquod
592 2253 722 2296 etiam
746 2253 870 2312 pueri
900 2254 1146 2312 vagientes,
1174 2262 1340 2314 quanto
1365 2253 1590 2298 alieniores
1614 2271 1638 2300 a

231 2323 397 2367 ratione
419 2334 542 2380 sunt,
580 2333 703 2369 tanto
737 2324 907 2370 facilius
930 2325 1186 2372 discernunt
1219 2342 1348 2370 sensu
1377 2327 1507 2371 etiam
1530 2344 1636 2372 con-

233 2404 397 2438 tactum
433 2396 881 2457 conjunctionemque
910 2397 1159 2452 nutricum,
1191 2413 1270 2441 nee
1308 2396 1487 2442 odorem
1528 2399 1634 2443 alia-

230 2481 330 2509 rum
354 2475 536 2525 possunt
552 2467 787 2522 sustinere,
814 2483 915 2511 cum
939 2468 1098 2528 quibus
1120 2468 1392 2513 consuetudo
1417 2485 1505 2514 non
1529 2468 1627 2514 suit.

294 2539 377 2580 tv.
400 2539 694 2590 Quamobrem
715 2539 914 2598 quamvis
934 2538 1051 2583 aliud
1067 2555 1116 2581 cx·
1134 2539 1216 2582 alio
1237 2540 1436 2585 inciderit
1453 2577 1463 2589 ,
1489 2540 1626 2584 liben-
