1888 3168
292 199 375 240 252
723 207 758 238 s.
795 206 1028 239 AUGUSTINI
1059 210 1246 239 Emscom

1075 378 1683 397 mmmmmmmwum

290 378 716 397 WWWWWWRNW

828 500 1048 552 CAPUT
1090 504 1152 553 V.

724 647 930 712 Infinita
962 649 1141 694 anz'mce
1171 649 1259 694 vis.

349 788 449 831 VII.
462 789 514 831 A.
527 789 671 830 RECTE
689 785 813 832 dicis:
833 785 909 832 sed
921 785 1245 849 numquidnam
1266 786 1458 832 animam
1467 796 1591 832 tuam
1607 802 1691 848 pu-

288 867 353 902 tas
364 872 455 902 esse
468 857 549 902 nisi
563 858 610 902 in
625 873 808 919 corpore
819 859 987 903 tuo?E.
1009 861 1076 903 Ita
1087 867 1212 920 puto.
1230 862 1283 904 A.
1302 858 1569 904 Intrinsecus
1589 867 1689 903 tan-

288 940 405 985 tum,
433 939 484 974 ut
506 939 717 991 tanquam
739 939 885 974 utrem
904 930 1112 992 impleat,
1142 947 1200 976 an
1220 940 1397 976 tantum
1419 930 1684 988 forinsecus,

286 1000 409 1046 velut
431 1002 692 1060 tectorium,
718 1018 774 1046 an
796 1011 840 1046 et
857 1002 1120 1048 intrinsecus
1138 1012 1182 1048 et
1199 1004 1466 1049 extrinsecus
1484 1019 1581 1048 eam
1598 1018 1688 1048 esse

287 1073 523 1118 arbitraris.
549 1076 601 1118 E.
635 1076 729 1119 Hoc
758 1074 898 1119 sentio
927 1075 1051 1136 quod
1077 1075 1285 1120 ultimum
1313 1076 1544 1137 requisisti.
1575 1077 1689 1121 Nam

287 1144 367 1188 nisi
389 1154 499 1189 esset
516 1145 794 1202 intrinsecus,
816 1146 926 1190 nihil
948 1147 995 1190 in
1015 1146 1256 1192 visceribus
1278 1148 1434 1192 nostris
1455 1146 1585 1192 vitale
1605 1147 1689 1191 ha·-

285 1215 492 1262 beretur:
518 1217 599 1261 nisi
618 1227 729 1262 esset
746 1218 1036 1275 extrinsecus,
1057 1235 1149 1264 non
1178 1219 1310 1263 etiam
1336 1219 1383 1263 in
1408 1227 1510 1264 cute
1535 1217 1690 1263 leviter

285 1289 420 1348 possis
450 1289 610 1333 sentire
639 1300 931 1350 pungentem.
956 1294 1010 1336 A.
1038 1290 1156 1345 Quid
1184 1307 1289 1352 ergo
1318 1290 1506 1352 amplius
1529 1291 1689 1352 quaeris

284 1369 449 1420 quanta
472 1360 526 1404 sit
548 1362 713 1417 anima,
736 1378 839 1407 cum
860 1363 1009 1408 videas
1037 1379 1127 1408 esse
1151 1373 1322 1409 tantam
1356 1372 1568 1425 quantam
1597 1363 1690 1423 ipsa

285 1431 422 1491 spatia
453 1432 645 1492 corporis
668 1433 929 1492 patiuntur?
967 1436 1019 1478 E.
1057 1435 1101 1479 Si
1130 1436 1215 1479 1106
1248 1435 1360 1478 ratio
1396 1434 1549 1489 docet,
1574 1434 1689 1478 nihil

285 1501 471 1562 amplius
502 1503 693 1564 requiro.
727 1507 779 1548 A.
819 1506 956 1548 Recte
986 1502 1092 1549 facis
1125 1504 1237 1548 nihil
1267 1519 1466 1565 quaerere
1501 1502 1689 1564 amplius

282 1589 417 1634 quam
429 1572 558 1618 docet
569 1574 695 1618 ratio.
712 1573 798 1619 Sed
809 1575 904 1619 haec
916 1575 1026 1619 ratio
1037 1574 1300 1620 videtur-ne
1313 1575 1395 1620 tibi
1415 1575 1689 1619 firmissima?

283 1648 335 1691 E.
364 1646 552 1700 Quando
585 1645 714 1689 aliam
747 1662 839 1691 non
866 1647 1060 1702 invenio,
1093 1646 1286 1692 videtur.
1317 1649 1407 1693 Suo
1439 1647 1558 1691 enim
1589 1647 1689 1692 1060

284 1733 479 1779 quaeram
495 1716 617 1779 quod
629 1732 699 1762 1116
714 1716 908 1761 multum
920 1727 1083 1774 movet,
1099 1727 1252 1762 utrum
1265 1719 1362 1764 haec
1381 1719 1522 1778 figura
1536 1717 1689 1764 eadem

284 1798 459 1833 mancat
473 1804 576 1833 cum
592 1803 775 1848 corpore
788 1788 1036 1834 excesserit:
1057 1804 1160 1834 nam
1177 1790 1262 1834 hoc
1280 1790 1395 1833 inter
1413 1788 1688 1834 discutienda

282 1858 490 1904 ultimum
500 1874 570 1903 me
583 1861 775 1920 posuisse
786 1859 984 1903 memini,
1004 1858 1089 1904 Sed
1098 1860 1311 1921 quoniam
1324 1858 1379 1904 de
1391 1875 1578 1905 numero
1593 1861 1689 1904 ani-

284 1947 325 1975 m
333 1947 457 1976 arum
465 1947 677 1992 quaerere,
685 1931 740 1975 ad
749 1931 1041 1992 quantitatem
1053 1930 1161 1974 mihi
1169 1930 1344 1976 videtur
1355 1931 1688 1991 pertinere,non

284 2018 374 2048 esse
396 2004 480 2048 1106
502 2002 600 2048 1060
619 2001 981 2063 praetereundum
1009 2001 1222 2046 existimo.
1250 2005 1304 2047 A.
1329 2005 1429 2048 Non
1445 2003 1688 2063 incongrue

285 2075 517 2130 existimas,
534 2073 612 2119 sed
629 2074 750 2134 prius
770 2072 826 2119 de
846 2073 988 2134 spatio
1012 2075 1104 2134 ejus
1125 2073 1247 2135 quod
1265 2089 1336 2118 me
1350 2072 1495 2118 adhuc
1511 2084 1684 2130 movet,

285 2145 566 2207 explicemus,
591 2145 625 2190 si
647 2144 807 2206 placet,
834 2153 886 2189 ut
904 2145 1037 2189 etiam
1058 2160 1138 2204 ego
1164 2144 1333 2206 aliquid
1354 2143 1536 2201 discam,
1552 2146 1586 2190 si
1606 2145 1688 2190 tibi

280 2220 372 2279 jam
394 2217 662 2262 satisfactum
684 2226 763 2262 est.
790 2220 842 2261 E.
869 2219 1027 2270 Quaere
1048 2226 1100 2261 ut
1120 2216 1205 2271 vis,
1237 2231 1338 2260 nam
1363 2225 1439 2261 tua
1462 2216 1541 2261 ista
1557 2217 1689 2262 simu-

284 2291 371 2334 lata
402 2288 621 2334 dubitatio
649 2288 852 2333 dubitare
880 2304 951 2333 me
980 2289 1200 2334 verissime
1233 2287 1338 2334 facit
1370 2288 1425 2334 de
1456 2290 1540 2335 hoc
1571 2290 1682 2350 ipso,

284 2361 406 2422 quod
422 2363 514 2421 jam
535 2369 761 2421 peractum
784 2375 874 2405 esse
887 2375 1266 2421 praesumpseram.

344 2434 468 2475 VIII.
491 2435 542 2475 Α.
565 2432 642 2476 1)16
669 2431 778 2474 1111111
803 2447 950 2492 quaeso
977 2440 1036 2487 tc,
1061 2440 1214 2475 utrum
1236 2447 1285 2475 ea
1308 2447 1408 2492 quae
1437 2430 1686 2492 appellatur

284 2503 491 2548 memoria
505 2539 514 2557 ,
536 2519 626 2548 non
649 2503 730 2548 tibi
752 2519 914 2548 nomen
929 2503 1058 2547 inane
1079 2502 1298 2547 videatur.
1323 2506 1376 2548 E.
1399 2504 1482 2548 Cui
1504 2504 1589 2548 hoc
1615 2503 1683 2548 vi-

285 2573 376 2618 deri
394 2576 566 2633 potest?
588 2578 640 2619 A.
669 2574 841 2619 Animae
862 2574 978 2620 hanc
1002 2589 1093 2620 esse
1120 2573 1358 2630 arbitrariS,
1381 2589 1437 2618 an
1459 2575 1684 2634 corporis?
