1852 3163
251 198 330 235 109.
682 205 714 233 s.
752 207 980 235 At‘ousrrm
1014 208 1194 234 EPISCOPI

247 284 350 318 tunc
369 281 445 318 aut
458 271 698 333 penenulla
716 281 822 328 crat,
839 281 915 317 3111
935 281 1051 317 certe
1069 271 1373 328 occultissima,
1387 281 1485 333 post
1495 288 1628 334 quam

242 353 486 391 commotus
510 342 756 388 Pherecidae
775 343 1001 403 cujusdam
1022 344 1118 402 Syri
1140 342 1523 405 disputationibus,
1547 344 1631 389 im-

241 415 471 462 mortalem
491 430 581 460 esse
604 414 801 459 animum
828 413 1038 470 credidit,
1064 413 1226 459 multos
1254 415 1470 475 sapientes
1501 415 1629 461 etiam

240 489 372 548 longe
391 487 568 548 lateque
590 487 888 547 peregrinatus
906 486 1117 531 audierat.
1140 486 1278 545 Igitur
1291 486 1415 532 Plato
1429 485 1632 548 adjiciens

241 559 380 622 lepori
402 557 721 618 subtilitatique
741 557 971 603 Socraticae
986 573 1121 619 quam
1137 557 1182 602 in
1197 557 1436 603 moralibus
1457 558 1628 615 habuit,

240 630 508 678 naturalium
536 628 871 690 divinarumque
892 644 1038 673 rerum
1054 628 1277 689 peritiam,
1303 644 1437 690 quam
1465 629 1520 675 ab
1547 629 1629 685 eis,

242 719 352 766 quos
369 701 628 756 memoravi,
645 700 875 759 diligenter
889 710 1128 762 acceperat,
1142 702 1499 764 subjungensque
1508 705 1633 762 quasi

243 774 540 820 formatricem
570 771 745 816 illarum
778 772 990 832 partium,
1018 772 1300 833 judicemque
1329 771 1600 817 dialecticam
1619 808 1630 829 ‚

243 863 343 909 quae
367 854 443 890 aut
463 844 555 904 ipsa
578 852 702 898 esset,
721 852 796 887 aut
817 843 908 887 sine
922 859 1007 904 qua
1030 843 1238 904 sapientia
1256 843 1434 888 omnino
1447 859 1637 888 essenon

241 926 410 979 posset,
436 914 674 976 perfectam
695 914 856 958 dicitur
881 914 1173 974 composuisse
1200 914 1489 975 philosophiae
1513 913 1640 959 disci-

240 989 430 1050 plinam,
452 986 506 1030 de
529 1001 614 1047 qua
638 1002 756 1030 nunc
780 985 986 1030 disserere
1010 986 1216 1046 temporis
1246 1002 1335 1030 non
1364 995 1442 1030 est,
1477 988 1550 1031 Sat
1573 995 1638 1031 est

241 1060 358 1105 enim
383 1058 439 1103 ad
460 1058 504 1102 id
524 1056 645 1118 quod
662 1056 786 1112 volo,
813 1055 1039 1100 Platonem
1062 1056 1241 1101 sensisse
1263 1055 1373 1100 duos
1396 1072 1485 1100 esse
1507 1071 1638 1101 mun-

241 1133 320 1177 dos
338 1167 348 1186 ,
373 1146 513 1175 unum
536 1128 855 1186 intelligibilem
874 1163 884 1183 ,
916 1128 962 1172 in
984 1145 1072 1188 quo
1101 1129 1191 1188 ipsa
1217 1129 1374 1174 veritas
1392 1129 1632 1186 habitaret,

234 1211 372 1255 istum
391 1212 535 1246 autem
550 1199 812 1253 sensibilem,
829 1214 962 1259 quem
976 1199 1255 1244 manifestum
1269 1209 1332 1244 est
1345 1216 1424 1245 nos
1435 1200 1530 1245 visu
1545 1210 1636 1245 tac-

238 1284 378 1335 tuque
402 1272 579 1317 sentire.
606 1274 760 1330 Itaque
784 1269 909 1314 illum
929 1286 1082 1314 verum
1102 1306 1112 1326 ,
1136 1271 1256 1315 hunc
1291 1270 1569 1316 verisimilem
1593 1281 1636 1318 ct

239 1345 296 1390 ad
320 1344 433 1388 illius
455 1342 689 1401 imaginem
712 1340 893 1385 factum.
926 1344 983 1385 Et
1003 1341 1102 1386 ideo
1137 1341 1191 1386 de
1213 1341 1289 1387 illo
1320 1343 1365 1386 in
1389 1358 1439 1387 ea
1461 1359 1561 1404 quae
1590 1359 1635 1388 se

239 1424 522 1477 cognosceret
544 1413 686 1457 anima
702 1448 712 1468 ,
728 1412 849 1457 velut
864 1412 1043 1472 expoliri
1057 1422 1101 1457 et
1121 1413 1244 1474 quasi
1264 1414 1449 1458 serenari
1471 1414 1633 1459 verita-

239 1498 345 1540 tenu
367 1487 421 1531 de
438 1487 522 1530 hoc
538 1494 683 1529 autem
700 1484 747 1528 in
768 1482 1003 1528 stultorum
1022 1485 1175 1528 animis
1198 1501 1287 1529 non
1301 1485 1540 1541 scientiam,
1557 1487 1632 1532 sed

243 1558 495 1620 opinionem
531 1571 655 1616 posse
690 1556 901 1614 generari.
943 1555 1168 1617 Quidquid
1198 1566 1345 1601 tamen
1366 1566 1567 1616 ageretur
1587 1558 1632 1601 in

236 1632 323 1676 hoc
346 1627 513 1674 mundo
531 1644 609 1688 per
631 1642 701 1670 035
713 1627 912 1683 virtutes,
936 1643 1043 1687 quas
1058 1627 1203 1672 civiles
1224 1627 1430 1682 vocabat,
1452 1627 1632 1672 aliarum

236 1716 440 1747 verarum
465 1700 679 1744 virtutum
707 1697 890 1754 similes,
932 1714 1031 1758 quae
1068 1698 1150 1742 nisi
1182 1698 1331 1758 paucis
1364 1698 1632 1758 sapientibus

235 1775 399 1833 ignotae
422 1780 578 1826 essent,
604 1785 694 1813 non
715 1784 840 1828 posse
860 1769 943 1813 nisi
961 1768 1195 1813 verisimile
1217 1769 1448 1813 nominari.

295 1844 548 1889 XXXVIII.
577 1844 681 1885 Haec
704 1849 747 1884 et
769 1840 851 1884 alia
881 1839 1134 1901 hujusmodi
1152 1840 1258 1884 mihi
1288 1840 1495 1884 videntur
1519 1840 1632 1885 inter

233 1928 503 1961 successores
526 1913 563 1972 ej
572 1927 619 1955 us
640 1946 651 1966 ,
672 1920 887 1971 quantum
905 1920 1129 1971 poterant,
1153 1926 1244 1955 esse
1267 1920 1435 1956 servata
1453 1947 1464 1967 ,
1487 1921 1531 1956 et
1551 1927 1630 1972 pro

235 1986 451 2045 mysteriis
463 1982 806 2029 custodita.Non
829 1981 946 2025 enim
969 1991 1044 2026 aut
1067 1980 1192 2027 facile
1213 1982 1293 2026 ista
1309 1982 1625 2042 percipiuntur,

233 2058 313 2102 nisi
335 2057 390 2101 ab
409 2056 485 2110 cis,
506 2055 583 2116 qui
609 2069 654 2098 se
677 2053 733 2097 ab
752 2052 956 2097 omnibus
978 2052 1094 2097 vitiis
1119 2052 1380 2097 mundantes
1396 2088 1408 2109 ,
1428 2053 1474 2097 in
1497 2053 1626 2099 aliam

232 2126 471 2189 quamdam
498 2126 598 2186 plus
619 2140 752 2186 quam
774 2124 1010 2168 humanam
1038 2124 1404 2169 consuetudinem
1425 2123 1624 2170 vindica-

231 2199 376 2244 verint
395 2233 408 2254 ‚
435 2207 510 2242 aut
522 2212 612 2241 non
629 2195 814 2255 graviter
831 2204 984 2254 peccat
1014 2195 1208 2256 quisquis
1230 2210 1279 2238 ea
1301 2193 1439 2239 sciens
1457 2194 1624 2256 quosli-

232 2270 309 2315 bet
329 2269 526 2314 homines
547 2268 704 2312 docere
734 2265 935 2311 voluerit.
963 2270 1117 2327 Itaque
1136 2268 1354 2310 Zenonem
1379 2266 1622 2327 principem

235 2344 507 2394 Stoicorum,
540 2355 639 2384 cum
667 2339 758 2399 jam
787 2337 1052 2399 quibusdam
1085 2336 1241 2381 auditis
1269 2346 1313 2381 et
1343 2338 1516 2382 creditis
1535 2374 1546 2391 ,
1577 2339 1622 2382 in

230 2412 425 2457 scholam
447 2410 641 2455 relictam
661 2426 685 2453 a
713 2409 892 2454 Platone
916 2410 1102 2454 venisset
1117 2444 1128 2464 ,
1160 2424 1293 2469 quam
1316 2417 1422 2453 tunc
1442 2408 1621 2454 Polemo

229 2484 468 2537 retinebat,
493 2490 742 2541 suspectum
766 2481 966 2525 habitum
987 2480 1195 2539 suspicor,
1217 2495 1297 2523 nec
1319 2479 1452 2523 talem
1472 2479 1614 2524 visum

228 2554 299 2597 cui
333 2553 556 2598 Platonica
583 2552 654 2596 illa
684 2551 806 2595 velut
836 2559 1103 2595 sacrosancta
1133 2549 1305 2595 decreta
1334 2549 1461 2595 facilc
1488 2550 1614 2610 prodi
