1888 3168
325 198 409 233 500
756 200 789 230 s.
827 202 1056 232 Amrsnm
1091 204 1272 231 Eviscom

320 271 432 330 pitcr
455 267 623 327 agitur:
648 268 750 328 quia
774 277 817 312 et
838 269 882 312 in
904 269 1028 314 malis
1049 269 1252 329 operibus
1284 270 1440 314 nostris
1466 272 1542 315 Dei
1579 287 1709 332 opera

317 342 433 386 bona
451 348 567 384 sunt.
587 341 728 385 Homo
746 354 936 401 namque
966 341 1010 384 in
1032 350 1248 400 quantum
1264 341 1397 386 homo
1420 351 1505 397 est,
1532 342 1708 403 aliquod

316 413 483 457 bonum
520 420 614 469 est3
647 410 911 457 adulterium
941 420 1087 455 autem
1119 412 1164 456 in
1195 422 1412 473 quantum
1443 412 1707 458 adulterium
1767 411 1772 414 ’

314 493 402 539 cst,
428 483 594 528 malum
616 498 726 543 opus
748 493 836 528 cst:
862 483 1121 543 plerumque
1143 493 1288 528 autem
1303 484 1358 528 de
1380 483 1594 529 adulterio
1613 501 1707 529 nas-

313 556 427 601 citur
448 556 603 611 homo,
625 554 680 600 de
700 555 816 601 malo
839 554 1004 600 scilicet
1027 555 1219 600 hominis
1242 570 1373 616 opere
1398 556 1564 602 bonum
1597 572 1709 617 opus

311 627 403 673 Dei.

370 700 536 743 XXXI.
553 697 848 753 Quamobrem
863 707 914 743 ut
926 712 1004 743 nos
1018 697 1072 743 ad
1088 697 1377 758 propositum,
1395 707 1574 759 propter
1586 697 1707 760 quod

310 771 408 816 haec
425 779 527 815 sunt
544 769 660 814 dicta
679 805 688 825 ‚
712 767 948 814 referamus
964 805 974 825 ,
996 769 1043 814 hi
1065 768 1237 813 numeri
1259 765 1437 814 rationis
1454 769 1706 829 pulchritu-

310 842 414 886 dine
427 841 710 901 praeminent‚
736 856 758 885 a
777 840 938 900 quibus
955 840 988 884 si
1008 855 1181 900 prorsus
1200 840 1556 885 abscinderemur
1571 876 1582 897 ‚
1606 856 1706 886 cum

310 912 574 958 inclinamur
611 911 666 957 ad
703 927 860 972 corpus
874 947 884 967 ,
930 926 1225 972 progressores
1250 927 1455 957 numeros
1489 912 1707 957 sensuales

309 1000 399 1030 non
419 982 722 1029 modificarent
745 1002 754 1028 ι
779 983 855 1044 qui
873 998 1020 1027 rursus
1043 982 1268 1028 movendis
1291 982 1547 1044 corporibus
1564 991 1708 1046 ¹agunt

307 1054 532 1101 sensibiles
555 1064 804 1116 temporum
817 1054 1170 1116 pulchritudines
1189 1074 1198 1100 z
1219 1064 1351 1116 atque
1367 1055 1427 1101 ita
1450 1055 1706 1101 sonantibus

308 1126 428 1171 obvii
447 1127 576 1171 etiam
610 1141 860 1172 occursores
893 1126 1066 1171 numeri
1097 1124 1389 1184 fabricantur3
1423 1142 1533 1188 quos
1556 1141 1706 1171 omnes

306 1196 495 1257 impetus
512 1211 611 1240 suos
631 1196 784 1241 eadem
802 1197 945 1241 anima
966 1196 1184 1257 excipiens
1201 1233 1211 1253 ,
1232 1197 1356 1258 quasi
1378 1196 1641 1257 multiplicat
1659 1197 1705 1241 in

306 1283 350 1312 se
368 1268 458 1327 ipsa
475 1302 485 1322 ‚
511 1275 555 1311 et
576 1266 866 1310 recordabiles
890 1266 994 1310 facit
1014 1285 1023 1309 ε
1049 1282 1148 1325 quae
1173 1268 1236 1313 vis
1253 1269 1345 1327 ejus
1363 1267 1572 1313 memoria
1594 1267 1706 1312 dici-

305 1349 379 1384 tur
394 1374 405 1394 7
436 1352 647 1397 magnum
669 1335 893 1397 quoddam
919 1334 1187 1396 adjutorium
1209 1339 1255 1380 in
1284 1339 1416 1397 hujus
1434 1340 1537 1385 vitae
1566 1354 1706 1396 nego-

304 1409 545 1456 tiosissimis
564 1409 747 1453 actibus.

364 1483 554 1525 XXXII.
594 1482 699 1525 Haec
726 1479 859 1537 igitur
891 1478 1099 1523 memoria
1121 1493 1413 1540 quaecumque
1433 1478 1488 1524 de
1512 1480 1704 1525 motibus

309 1552 445 1599 animi
467 1561 610 1607 tcnet,
635 1550 714 1612 qui
737 1549 942 1595 adversus
976 1550 1194 1610 passiones
1226 1551 1418 1610 corporis
1451 1551 1536 1596 acti
1571 1561 1700 1608 sunt,

304 1631 480 1678 ῳα-ιτασίας
505 1637 646 1683 graece
666 1629 908 1677 vocanturg
933 1636 1013 1666 nec
1027 1621 1204 1666 invenio
1230 1621 1340 1683 quid
1360 1637 1430 1668 eas
1451 1621 1585 1668 latine
1605 1639 1704 1669 ma-

306 1694 384 1739 lim
401 1710 556 1740 vocare
583 1713 591 1739 :
613 1708 719 1754 quas
740 1707 819 1753 pro
845 1691 1029 1751 cognitis
1056 1691 1219 1736 habere
1239 1701 1371 1753 atque
1387 1709 1468 1754 pro
1488 1695 1704 1754 perceptis

305 1766 536 1827 opinabilis
559 1766 646 1811 vita
669 1774 734 1810 est
748 1800 759 1821 ,
785 1764 1020 1809 constituta
1040 1764 1086 1808 in
1102 1763 1196 1825 ipso
1218 1765 1372 1809 erroris
1391 1765 1589 1811 introitu.
1618 1767 1704 1812 Sed

303 1853 407 1884 cum
444 1837 527 1882 sibi
558 1836 626 1881 isti
660 1845 804 1881 motus
841 1844 1096 1890 occursant,
1135 1844 1180 1879 et
1209 1843 1420 1896 tanquam
1447 1835 1626 1881 diversis
1659 1846 1703 1881 et

303 1908 618 1969 repugantibus
650 1906 904 1951 intentionis
942 1905 1118 1950 flatibus
1146 1914 1354 1961 aestuant,
1392 1906 1494 1951 alios
1527 1922 1577 1951 ex
1611 1907 1703 1951 aliis

302 1990 450 2026 motus
472 1978 673 2040 pariunt3
694 1993 784 2022 non
793 1978 970 2038 jameos
985 1977 1062 2037 qui
1080 1985 1286 2021 tenentur
1303 1992 1354 2021 ex
1373 1977 1701 2022 occursionibus

300 2052 555 2114 passionum
575 2049 766 2110 corporis
805 2048 1001 2109 impressi
1022 2047 1079 2092 de
1110 2048 1328 2103 sensibus,
1365 2048 1523 2093 similes
1554 2057 1702 2093 tamen

303 2135 514 2186 tanquam
535 2122 778 2182 imaginum
795 2121 1006 2180 imagines
1022 2156 1032 2176 ,
1059 2137 1158 2180 quae
1171 2121 1474 2180 phantasmata
1492 2119 1579 2165 dici
1598 2120 1699 2180 pla-

301 2198 408 2242 cuit.
432 2194 570 2241 Aliter
599 2193 715 2237 enim
747 2192 890 2251 cogito
918 2201 1087 2251 panem
1109 2205 1256 2235 meum
1284 2206 1416 2252 quem
1439 2207 1553 2252 saepe
1580 2191 1695 2247 vidi,

301 2267 425 2314 aliter
452 2282 503 2311 av
506 2280 580 2310 um
603 2279 736 2325 quem
753 2277 983 2323 nunquam
1004 2260 1108 2306 vidi.
1138 2264 1304 2306 Horum
1337 2262 1529 2340 primum
1553 2263 1691 2322 phan-

300 2340 408 2386 tasia
429 2347 517 2393 est,
544 2336 652 2382 alte1
654 2351 730 2380 um
745 2335 1019 2395 phantasma.
1051 2332 1196 2377 Illud
1186 2349 1232 2377 111
1258 2333 1469 2378 memoria
1490 2323 1667 2378 invenlo
1678 2369 1695 2390 ,

300 2411 418 2457 hoc
408 2428 454 2456 m
468 2426 518 2455 eo
531 2418 656 2454 motu
673 2407 831 2461 animi,
857 2406 933 2466 qui
953 2404 1067 2450 exiis
1089 2414 1209 2450 ortus
1230 2414 1293 2450 est
1311 2420 1420 2467 quos
1444 2406 1579 2451 habet
1601 2421 1695 2450 me-

302 2483 454 2528 moria.
481 2478 713 2535 Quomodo
739 2486 884 2522 autem
913 2475 1111 2521 oriantur
1134 2477 1228 2521 haee
1244 2511 1254 2531 7
1277 2485 1321 2520 et
1341 2476 1536 2521 invenire
1558 2485 1601 2520 et
1622 2492 1695 2520 ex-

305 2554 464 2615 plicare
495 2549 672 2596 difficile
708 2558 785 2594 cst.
811 2543 1009 2593 Arbitror
1037 2556 1206 2606 tamen,
1247 2546 1367 2607 quod
1399 2547 1431 2591 si
1465 2563 1694 2608 nunquam
