1852 3163
612 205 737 233 unm
768 204 823 232 DE
856 199 989 230 ΒΕΑΤΑ
1022 201 1138 231 ΥΙΤΑ.
1492 192 1568 232 121

604 339 801 388 Eadem
828 341 1148 404 prosequitur.

239 490 367 532 XIII.
406 490 508 533 TUM
525 502 630 548 ego:
650 491 795 534 Teneo
811 524 821 544 ‚
846 488 1049 549 inquam,
1072 486 1269 532 omnium
1282 485 1442 547 placita
1457 485 1512 531 dc
1535 503 1581 532 re

181 562 338 607 magna
356 564 459 592 sane
474 584 485 605 ,
509 557 554 593 ct
573 548 687 593 ultra
712 564 845 610 quam
868 563 948 592 nec
966 548 1102 608 quaeri
1119 547 1363 608 quidquam
1384 555 1579 606 oportet,

182 634 262 663 nec
286 619 474 664 inveniri
494 628 659 680 potest,
685 621 719 664 si
747 619 881 665 modo
894 635 990 664 eam
1005 619 1070 663 uti
1087 619 1301 679 coepimus
1314 617 1586 663 serenissime

183 706 231 735 ac
245 690 530 736 sincerissime
545 692 869 750 investigemus.
888 690 1017 745 Quod
1030 691 1162 736 hodie
1180 692 1281 752 quia
1294 689 1479 751 longum
1503 698 1583 745 est,

184 772 227 806 ct
247 762 416 808 habent
432 763 479 806 in
513 762 652 823 epulis
676 763 763 808 suis
787 773 830 807 et
851 763 983 807 animi
1012 761 1250 823 quamdam
1277 761 1495 806 luxuriem
1511 797 1521 816 ,
1555 760 1589 804 si

183 833 299 878 ultra
321 833 504 881 modum
532 834 580 879 in
612 850 704 892 eas,
732 845 776 880 et
795 835 1009 880 voraciter
1036 834 1206 878 irruant
1228 833 1311 890 (ita
1335 832 1451 877 enim
1474 831 1592 876 male

185 905 380 968 quodam
403 906 537 952 modo
555 906 791 967 digerunt,
827 906 948 951 unde
979 905 1223 951 valetudini
1250 904 1467 949 mentium
1500 919 1592 948 non

187 978 332 1023 minus
355 995 489 1039 quam
504 979 560 1024 ab
578 978 653 1023 illa
674 980 765 1040 ipsa
783 979 901 1023 fame
919 977 1210 1023 metuendum
1234 982 1320 1033 est)
1337 974 1492 1020 melius
1514 990 1594 1019 nos

186 1051 281 1095 haec
298 1053 480 1111 quaestio
496 1068 589 1096 cras
602 1052 840 1096 esurientes
852 1086 862 1106 ‚
884 1051 918 1095 si
935 1049 1124 1105 videtur⁷
1143 1048 1342 1108 accipiet.
1364 1047 1484 1096 Hlud
1501 1063 1594 1093 mo-

188 1121 245 1167 do
267 1121 459 1166 libenter
486 1122 700 1181 liguriatis
722 1117 825 1167 volo
839 1157 850 1176 ,
871 1121 994 1183 quod
1018 1121 1164 1165 subito
1181 1119 1289 1163 mihi
1307 1118 1595 1163 ministratori

187 1203 332 1240 vestro
357 1194 403 1238 in
423 1203 617 1239 mentem
643 1202 895 1253 suggestum
914 1202 979 1237 est
1004 1191 1312 1250 inferendum3
1338 1200 1382 1235 et
1404 1199 1495 1247 est,
1516 1190 1597 1236 nisi

189 1265 320 1312 fallor
332 1301 343 1321 ,
361 1264 508 1326 qualia
524 1264 667 1309 solent
681 1264 837 1309 ultima
855 1263 1033 1325 apponi,
1048 1262 1173 1325 quasi
1194 1262 1451 1308 scholastico
1463 1261 1596 1306 melle

189 1335 444 1382 confectum
462 1345 594 1397 atque
620 1334 866 1380 conditum.
903 1337 1002 1388 Quo
1024 1334 1176 1379 audito
1194 1349 1285 1378 sese
1303 1348 1456 1378 omnes
1474 1333 1599 1394 quasi

190 1409 238 1453 in
259 1407 424 1453 elatum
445 1406 665 1453 ferculum
682 1405 990 1463 tetenderunt,
1022 1409 1350 1467 coegeruntque
1380 1414 1433 1450 ut
1453 1404 1600 1451 dicere

191 1494 472 1541 properarem
506 1478 723 1540 quidnam
749 1477 797 1522 id
829 1487 954 1522 esset.
992 1477 1136 1534 Quid,
1166 1476 1373 1539 inquam⁷
1406 1476 1598 1537 putati53

193 1551 277 1596 nisi
297 1566 399 1596 cum
417 1550 690 1595 Academicis
704 1558 849 1595 totum
867 1548 988 1611 quod
1006 1565 1333 1611 susceperamus
1346 1548 1600 1595 confectum

196 1637 286 1667 6556
316 1621 570 1681 negotium?
594 1623 693 1674 Quo
717 1631 896 1681 accepto
919 1622 1098 1666 nomine
1112 1657 1122 1677 ,
1143 1631 1229 1666 tres
1248 1621 1327 1677 illi,
1350 1622 1512 1682 quibus
1535 1635 1602 1665 res

197 1703 302 1739 nota
335 1702 447 1748 erat,
480 1708 570 1737 sese
597 1701 829 1736 erexerunt
851 1692 1054 1748 alacrius,
1086 1703 1130 1737 et
1155 1692 1277 1738 velut
1300 1692 1532 1752 porrectis,
1552 1700 1604 1736 ut

199 1767 271 1822 fit,
306 1765 510 1810 manibus
544 1763 806 1809 inferentem
842 1765 1091 1809 ministrum
1117 1765 1406 1826 adjuverunt,
1445 1764 1604 1826 quibus

201 1846 445 1900 potuerunt
463 1836 607 1883 verbis
624 1870 635 1893 ,
658 1835 769 1882 nihil
786 1851 830 1881 se
841 1836 1084 1896 jucundius
1105 1836 1332 1883 audituros
1353 1853 1441 1882 esse
1454 1853 1605 1883 mons-

203 1920 382 1956 trantes.

208 2130 537 2179 Academicus
592 2129 761 2179 beatus
810 2147 912 2176 esse
969 2146 1066 2178 non
1115 2140 1296 2193 potest,
1357 2146 1471 2194 ergo
1519 2146 1608 2177 nec·

804 2204 1016 2265 Sapiens.

272 2332 393 2375 XIV.
427 2332 529 2375 TUM
553 2345 634 2389 ego
668 2331 728 2374 ita
761 2344 854 2373 rem
876 2329 1105 2389 proposui:
1135 2329 1177 2374 Si
1215 2328 1497 2373 manifestum
1520 2339 1605 2385 est,

215 2402 419 2462 inquam⁷
457 2401 638 2446 beatum
671 2417 762 2446 non
799 2415 910 2456 6556,
947 2401 1023 2461 qui
1053 2399 1173 2461 quod
1205 2398 1302 2445 vult
1325 2416 1414 2445 non
1448 2401 1605 2456 habet,

217 2473 337 2535 quod
355 2472 487 2534 paulo
506 2483 606 2518 ante
627 2474 737 2518 ratio
768 2473 1104 2524 demonstravit·⁷
1130 2488 1259 2516 nemo
1279 2482 1426 2516 autem
1452 2473 1611 2533 quaerit

219 2545 340 2605 quod
361 2544 555 2591 invenire
567 2561 658 2592 non
675 2544 772 2591 vult
775 2580 790 2602 ,
806 2553 849 2591 et
865 2553 1073 2605 quaerunt
1093 2543 1156 2589 illi
1171 2559 1342 2604 semper
1361 2544 1607 2598 veritatem,
