1852 3163
557 197 721 238 CONTRA
754 195 1017 225 AcAm-:Micos
1048 198 1174 225 LIBER
1205 198 1273 224 111.
1532 186 1612 225 103

220 263 524 326 committique
543 264 778 321 deberent,
802 264 923 325 prius
944 278 1078 324 quam
1099 262 1336 308 dedicisset
1355 278 1421 319 ea,
1447 278 1548 324 quae
1568 262 1616 307 in

219 333 341 379 illam
361 332 557 382 schelam
579 335 634 381 ab
655 334 749 381 aliis
762 344 937 396 accepta
957 332 1190 379 detulerat.
1211 334 1400 378 Moritur
1416 333 1613 391 Polemo,

221 405 417 451 succedit
439 406 479 451 ei
500 405 743 452 Archesilas
765 406 951 452 Zenonis
973 403 1154 467 quidem
1176 403 1519 465 condiscipulus,
1539 404 1618 450 sed

222 475 305 521 sub
336 476 584 522 Polemonis
620 477 884 538 magisterio.
916 476 1215 532 Quamobrem
1250 491 1354 521 cum
1388 477 1507 525 Zeno
1540 492 1618 522 sua

220 547 414 610 quadam
431 548 486 593 de
511 548 703 606 munde,
735 559 778 594 et
800 549 985 596 maxime
1007 547 1062 593 de
1083 548 1248 604 anima,
1281 556 1461 608 propter
1483 563 1618 609 quam

221 635 324 665 vera
350 619 627 681 philosophia
655 621 831 680 vigilat,
873 621 1089 666 sententia
1124 618 1440 675 delectaretur,
1467 618 1619 664 dicens

222 689 319 735 eam
331 707 421 736 esse
437 688 667 737 mortalem
679 728 690 748 ,
709 708 790 737 1100
807 691 1051 753 quidquam
1068 707 1159 736 esse
1170 689 1329 751 praeter
1340 691 1461 736 hunc
1482 691 1619 736 sensi-

222 762 356 807 bilem
383 765 627 821 mundum,
663 765 862 826 nihilque
891 765 938 808 in
963 780 1013 809 00
1051 764 1145 824 agi,
1171 764 1253 808 nisi
1284 778 1488 824 corpore,
1516 779 1619 808 nam

221 844 266 879 et
287 837 427 880 Deum
450 835 595 895 ipsum
617 836 763 894 ignem
780 836 991 896 putabat:
1018 834 1356 895 prudentissime
1378 843 1509 896 atque
1529 835 1619 878 uti-

220 905 382 951 lissime
406 907 514 951 mihi
541 906 716 952 videtur
747 906 1011 962 Archesilas‚
1049 922 1151 951 cum
1184 905 1295 950 illud
1316 905 1404 951 late
1430 915 1621 966 serperet

222 979 389 1023 malum
405 1015 415 1035 ‚
457 979 696 1024 occultasse
738 979 913 1039 penitus
950 978 1199 1024 Academiae
1243 979 1506 1023 sententiam
1526 1014 1537 1035 ,
1577 987 1621 1022 01

221 1050 346 1111 quasi
367 1066 525 1094 aurum
546 1050 864 1094 inveniendum
891 1049 1160 1111 quandoque
1182 1049 1366 1110 posteris
1406 1049 1615 1094 obruisse.

221 1124 366 1177 Quare
384 1138 488 1167 011111
504 1122 550 1166 111
571 1120 699 1166 falsas
721 1122 948 1182 opiniones
970 1137 1096 1166 ruere
1119 1121 1250 1166 turba
1267 1121 1322 1166 sit
1350 1121 1530 1181 pronior
1545 1157 1556 1177 ‚
1577 1131 1622 1166 et

219 1192 540 1240 consuetudine
554 1209 788 1255 corporum
802 1193 949 1238 omnia
971 1209 1061 1238 esse
1080 1191 1290 1254 corporea
1308 1192 1529 1249 facillime,
1544 1192 1623 1238 sed

219 1266 351 1311 noxie
368 1265 588 1321 credatur,
609 1265 798 1310 instituit
819 1265 885 1310 vir
907 1265 1180 1310 acutissimus
1202 1275 1335 1326 atque
1354 1265 1621 1309 humanissi-

220 1354 318 1383 mus
341 1337 556 1383 dedocere
581 1339 726 1399 potius
748 1355 858 1400 quos
874 1339 1124 1398 patiebatur
1150 1337 1262 1382 male
1291 1337 1459 1394 doctos,
1486 1354 1622 1400 quam

221 1409 378 1455 docere
391 1425 501 1471 quos
521 1409 683 1455 dociles
699 1426 790 1454 non
803 1410 1114 1454 arbitrabatur.
1133 1408 1243 1454 Inde
1264 1408 1338 1454 illa
1355 1410 1502 1454 omnia
1518 1419 1621 1455 nata

219 1491 323 1527 sunt
344 1499 443 1544 quae
460 1499 586 1528 novae
607 1482 856 1527 Academiae
870 1483 1143 1539 tribuuntur,
1169 1482 1275 1543 quia,
1297 1498 1452 1528 eorum
1473 1498 1621 1528 neces-

218 1555 387 1600 sitatem
410 1564 577 1600 veteres
600 1571 690 1599 non
712 1555 950 1599 habebant.

279 1628 488 1670 XXXIX.
520 1624 651 1679 Quod
673 1627 706 1670 si
731 1628 848 1670 Zeno
871 1625 1199 1685 expergefactus
1224 1634 1336 1670 esset
1354 1625 1617 1687 aliquando,

216 1706 263 1741 et
304 1695 481 1741 vidisset
523 1712 668 1757 neque
707 1696 950 1758 quidquam
991 1696 1306 1757 comprehendi
1350 1713 1500 1757 posse,
1537 1698 1622 1742 nisi

216 1768 347 1830 quale
373 1769 465 1828 ipse
495 1767 755 1823 definiebat⁷
792 1784 937 1829 neque
969 1769 1056 1813 tale
1093 1769 1260 1830 aliquid
1288 1770 1333 1813 in
1363 1770 1622 1830 corporibus

217 1855 341 1901 posse
363 1839 571 1895 inveniri,
592 1839 755 1900 quibus
774 1839 848 1884 ille
867 1840 1092 1885 tribuebat
1115 1841 1262 1885 omnia
1277 1876 1288 1896 ,
1321 1839 1426 1885 011111
1443 1857 1621 1901 prorsus

217 1913 302 1957 hoc
326 1927 461 1971 genus
479 1910 846 1973 disputationum,
878 1912 1001 1973 quod
1018 1928 1176 1972 magna
1193 1912 1446 1957 necessitate
1460 1913 1620 1974 flagra-

217 1993 338 2029 verat
360 2020 371 2040 ,
397 1982 551 2029 suisset
592 1983 850 2028 extinctum.
887 1983 973 2029 Sed
1003 1986 1121 2028 Zeno
1144 1983 1334 2042 imagine
1363 1985 1621 2030 constantiae

218 2055 455 2116 deceptus,
486 2064 539 2100 ut
559 2054 659 2115 ipsis
677 2055 948 2100 Academicis
970 2055 1219 2112 videbatur,
1250 2072 1332 2101 nec
1354 2056 1458 2101 mihi
1484 2057 1619 2102 etiam

218 2143 310 2178 non
331 2126 522 2182 videtur,
550 2126 751 2187 pertinax
773 2126 861 2171 fuit
887 2147 896 2172 :
934 2127 1129 2188 fidesque
1156 2127 1230 2173 illa
1256 2144 1492 2188 corporum
1513 2144 1617 2189 per-

218 2199 381 2246 niciosa
403 2215 585 2261 quoquo
606 2199 739 2244 modo
756 2199 903 2262 potuit
919 2200 1105 2260 pervixit
1126 2201 1171 2245 in
1190 2201 1513 2262 Chrysippum,
1539 2202 1617 2263 qui

218 2272 257 2316 ei
279 2273 408 2330 (nam
435 2271 621 2316 maxime
645 2274 841 2331 poterat)
870 2287 1051 2332 magnas
1081 2272 1193 2318 vires
1221 2272 1351 2317 latius
1378 2289 1422 2317 se
1447 2273 1617 2318 diffun-

218 2342 353 2387 dendi
375 2341 533 2399 dabat,
566 2343 649 2388 nisi
676 2359 727 2388 ex
750 2344 823 2389 illa
851 2354 974 2405 parte
996 2345 1241 2391 Carneades
1269 2347 1409 2392 acrior
1436 2357 1480 2392 et
1499 2347 1615 2407 vigi-

218 2414 378 2459 lantior
399 2415 695 2475 superioribus
716 2417 883 2461 eaeteris
914 2417 973 2461 ita
995 2418 1244 2475 restitisset,
1277 2428 1327 2463 ut
1348 2419 1480 2464 mirer
1493 2419 1615 2464 illam

219 2486 471 2545 opinionem
502 2486 669 2547 aliquid
701 2488 831 2531 etiam
865 2498 1015 2547 postea
1039 2489 1240 2534 valuisse.
1278 2493 1478 2552 Namque
1507 2493 1614 2536 Car-

220 2557 378 2601 neades
404 2559 543 2617 primo
562 2558 679 2602 iliani
704 2559 824 2602 velut
843 2559 1137 2605 calumniandi
1160 2561 1498 2621 impudentiam,
1525 2579 1610 2622 qua
