1888 3168
284 209 367 248 230
714 222 746 247 s.
785 218 1016 248 AUGUSTINI
1048 221 1230 247 EPISCOPI

280 290 424 342 Quare
447 285 622 331 tendere
645 285 699 330 ad
722 286 931 342 nihilum,
958 296 1021 331 est
1044 286 1097 331 ad
1118 286 1343 331 interitum
1365 286 1558 331 tendere.
1585 287 1670 342 Qui

281 373 360 403 cur
377 373 467 402 non
489 357 615 402 eadat
636 358 681 402 in
699 358 916 414 animum,
937 358 1007 403 vix
1031 368 1095 402 θεῖ
1112 358 1277 413 dicere,
1298 358 1342 401 in
1365 373 1497 418 quem
1520 357 1670 403 defec-
1694 406 1697 411 x

282 439 352 474 tus
374 429 505 474 eadit.
521 432 692 474 Dantur
713 430 784 474 hie
802 439 981 486 eaetera3
998 429 1072 474 sed
1086 440 1272 489 negatur
1289 446 1380 474 esse
1402 445 1673 490 consequens

282 502 459 546 interire
481 501 527 546 id
548 501 669 562 quod
687 502 825 546 tendit
845 501 899 546 ad
918 501 1125 557 nihilum,
1152 501 1195 546 id
1212 512 1275 547 est
1295 502 1350 547 ad
1365 501 1553 546 nihilum
1573 518 1674 562 per-

281 573 442 618 venire.
471 572 600 626 Quod
618 574 663 616 in
685 589 866 634 corpore
880 590 1057 634 quoque
1080 573 1364 620 animadverti
1385 582 1543 634 potest.
1564 576 1674 618 Nam

281 646 491 707 quoniam
526 646 759 707 quodlibet
792 662 948 707 eorpus
972 662 1070 706 pars
1093 655 1158 695 est
1189 646 1345 690 mundi
1367 645 1605 701 sensibilis,
1632 654 1676 689 et

281 716 381 762 ideo
403 727 570 779 quanto
592 719 730 778 majus
759 727 823 762 est
841 717 1015 779 loeiqu‘e
1038 718 1137 778 plus
1161 727 1371 778 occupat,
1396 727 1519 762 tanto
1538 717 1674 776 magis

281 789 550 850 propinquat
577 789 778 834 universo
796 809 804 835 :
845 799 1101 850 quantoque
1136 788 1180 833 id
1213 789 1348 847 magis
1382 787 1506 844 facit,
1551 796 1675 832 tanto

283 861 422 920 magis
444 870 522 905 est.
546 864 698 919 Magus
718 862 834 905 enim
852 870 916 905 est
932 870 1076 906 totum
1094 877 1227 922 quam
1251 876 1364 921 pars.
1382 862 1526 914 Quare
1545 860 1675 903 etiam

284 932 428 977 minus
450 933 504 977 sit
524 948 627 977 eum
647 933 863 977 minuitur
884 949 1057 977 neeesse
1085 942 1162 977 θεῖ.
1186 932 1417 978 Defectum
1441 947 1544 990 ergo
1561 931 1677 990 pati-

285 1011 357 1047 tur
379 1019 482 1048 eum
497 1004 727 1049 minuitur.
756 1008 891 1049 Porro
909 1013 1056 1049 autem
1076 1004 1312 1059 minuitur,
1336 1018 1437 1048 eum
1458 1018 1509 1046 ex
1528 1018 1579 1047 eo
1597 1001 1678 1046 ali-

284 1073 394 1134 quid
415 1075 668 1135 praeeisione
690 1075 949 1120 detrahitur.
977 1079 1041 1120 Ex
1064 1092 1153 1137 quo
1175 1076 1406 1121 conficitur
1427 1083 1479 1118 ut
1503 1073 1577 1118 tali
1598 1072 1678 1117 de-

285 1145 499 1191 tractione
521 1146 676 1191 tendat
712 1146 768 1191 ad
795 1146 998 1191 nihilum.
1025 1151 1083 1192 At
1117 1146 1239 1192 nulla
1260 1146 1456 1207 praecisio
1477 1143 1680 1205 perducit

286 1216 342 1261 ad
363 1217 567 1263 nihilum.
591 1219 745 1290 Qis
767 1219 883 1263 enim
905 1235 1004 1279 pars
1027 1236 1131 1280 quae
1158 1228 1380 1274 remanet⁷
1406 1232 1563 1278 eorpus
1587 1225 1650 1260 est
1666 1251 1677 1272 ‚

287 1297 331 1333 θῖ
363 1288 583 1350 quidquid
615 1291 700 1335 hoe
719 1300 782 1335 est
798 1327 808 1346 ‚
834 1290 1114 1352 quantolibet
1136 1290 1275 1351 spatio
1306 1290 1453 1334 locum
1476 1297 1677 1348 occupat.

287 1363 439 1421 Neque
472 1360 517 1406 id
549 1371 715 1422 posset,
742 1363 823 1406 nisi
860 1364 1043 1407 haberet
1071 1373 1214 1422 partes
1237 1363 1283 1406 in
1306 1378 1415 1422 quas
1440 1360 1679 1405 identidem

288 1431 544 1475 caederetur.
569 1436 716 1476 Potest
743 1432 877 1491 igitur
893 1433 1064 1477 infinite
1083 1432 1295 1477 caedendo
1318 1432 1488 1475 infinite
1509 1430 1649 1474 minui
1667 1465 1678 1486 v

288 1511 332 1546 et
354 1502 453 1547 ideo
472 1502 694 1548 defectum
711 1503 801 1563 pati
823 1513 954 1565 atque
973 1504 1029 1550 ad
1049 1503 1238 1547 nihilum
1256 1502 1456 1558 tendere,
1482 1501 1682 1562 quamvis

287 1574 515 1633 pervenire
540 1590 768 1634 nunquam
796 1584 942 1635 queat.
982 1574 1112 1628 Quod
1134 1575 1239 1618 item
1278 1573 1332 1617 de
1354 1573 1447 1633 ipso
1481 1573 1618 1632 spatio
1640 1583 1683 1616 et

286 1643 488 1705 quolibet
520 1644 751 1689 intervallo
781 1645 867 1690 diei
886 1655 1017 1706 atque
1040 1645 1229 1704 intelligi
1247 1654 1406 1705 potest.
1432 1647 1544 1690 Nam
1566 1653 1610 1688 et
1633 1643 1689 1687 de

288 1717 356 1761 his
389 1717 521 1761 etiam
555 1718 824 1772 terminatis,
862 1716 1117 1771 dimidiam,
1154 1717 1278 1761 verbi
1318 1717 1480 1775 gratia,
1519 1725 1687 1776 partem

292 1787 590 1843 detrahendo,
618 1797 661 1832 et
682 1804 733 1832 ex
750 1804 800 1832 eo
821 1788 942 1848 quod
966 1797 1117 1843 restat,
1139 1803 1309 1847 semper
1326 1786 1550 1831 dimidiam
1569 1822 1579 1842 ‚
1606 1786 1689 1829 mi-

293 1858 445 1902 nuitur
462 1857 757 1912 intervallum,
779 1867 910 1918 atque
935 1858 989 1902 ad
1013 1859 1145 1902 finem
1167 1857 1459 1917 progreditur,
1482 1856 1537 1901 ad
1555 1872 1688 1918 quem

294 1939 440 1973 tamen
464 1928 587 1973 nullo
616 1930 867 1988 pervenitur
894 1930 1041 1973 modo.
1069 1929 1313 1982 Queminus
1345 1930 1429 1973 hoe
1459 1928 1514 1973 de
1542 1929 1687 1973 animo

295 1998 626 2044 formidandum
660 2002 750 2043 est?
782 2003 860 2043 Est
889 2000 1003 2043 enim
1038 1999 1236 2059 profecto
1262 2015 1443 2060 corpore
1466 1999 1620 2044 melior
1644 2008 1687 2043 et

293 2071 503 2127 vivacior,
525 2088 548 2115 a
571 2088 659 2132 que
681 2071 783 2116 huie
800 2071 888 2116 vita
913 2071 1138 2116 tribuitur.
