1888 3168
356 200 436 236 250
776 210 807 237 s.
847 212 1073 239 Atots'rffir
1109 214 1286 240 eriscori

354 280 397 307 sc
426 279 515 308 csse
539 263 783 321 dissimiles,
812 265 927 310 illam
953 267 1113 310 scilicet
1139 284 1238 327 quac
1262 267 1422 323 tribus,
1450 271 1620 313 cthanc
1642 284 1740 328 quae

355 373 544 424 quatuor
563 365 732 425 angulis
746 376 914 411 constat
951 345 1062 453 Δ
1085 340 1200 457 [ἶ]
1216 383 1337 423 ,cum
1354 369 1494 413 ambae
1508 369 1683 429 paribus
1693 367 1742 412 li-

352 465 443 511 nois
454 467 577 522 liant,
591 483 737 511 nonne
750 467 922 513 videtur
937 467 1014 511 tibi
1025 467 1227 528 quaedam
1241 478 1406 514 rctcnta
1414 469 1595 530 justitia,
1607 478 1658 513 ut
1669 468 1742 513 illa

351 554 451 598 quse
473 539 634 582 habere
657 555 746 583 non
774 548 916 599 potest
936 539 1197 599 parilitatem
1220 542 1561 597 contrariorum,
1587 540 1743 585 incon-

351 626 519 656 cussam
537 619 682 655 teneat
709 610 969 668 angulorum
987 611 1281 673 {equalitatem
1308 632 1316 657 ε
1341 613 1387 657 in
1408 613 1489 658 hac
1510 628 1614 657 vero
1642 611 1744 672 quia

350 692 470 727 tanta
484 692 548 727 est
561 682 879 728 contrariorum
893 684 1195 743 congruentia,
1212 683 1285 728 illa
1298 683 1366 728 lex
1379 684 1642 744 angulorum
1663 683 1744 729 ad'-

351 756 495 800 mittat
517 754 775 800 nonnullam
789 756 1156 817 inaequalitatem?
1170 759 1264 801 Hoc
1289 772 1390 815 ergo
1417 772 1518 801 cum
1537 772 1606 801 me
1625 755 1744 800 mul-

351 836 444 872 tum
459 836 668 883 moveret,
686 827 974 889 quzerendum
988 829 1064 873 abs
1087 837 1129 872 tc
1150 829 1293 873 visum
1311 837 1390 884 est,
1406 844 1600 889 quonam
1614 827 1746 873 modo

354 898 433 943 ista
464 899 644 943 veritate
662 935 672 954 ,
700 899 906 960 {equitate
923 936 933 955 ,
970 899 1220 961 {equalitate
1257 900 1537 945 delectarere.
1569 903 1620 944 E.
1648 902 1747 944 Jam

354 986 486 1016 cerno
524 970 634 1031 quid
656 970 794 1026 dicas,
836 981 879 1016 et
900 988 991 1016 non
1021 971 1300 1017 mediocriter
1338 970 1544 1016 admiror.
1576 973 1630 1015 A.
1655 972 1747 1029 Age

354 1059 495 1098 nunc,
517 1043 619 1104 quia
638 1042 924 1104 inaequalitati
952 1043 1247 1105 aequalitatem
1264 1044 1363 1105 jure
1400 1042 1642 1104 praeponis,
1666 1057 1747 1086 nec

353 1115 570 1175 quispiam
585 1115 764 1160 omnino
779 1125 865 1172 est,
882 1125 932 1160 ut
949 1116 1104 1176 opinor
1120 1151 1131 1171 ,
1162 1117 1357 1161 humano
1371 1131 1499 1160 sensu
1511 1113 1722 1175 praeditus
1733 1148 1744 1168 ‚

353 1187 425 1230 cui
448 1202 537 1231 non
551 1186 597 1231 id
613 1186 835 1242 videatur,
856 1203 1126 1249 quaeramus,
1147 1188 1180 1232 si
1197 1187 1364 1247 placet,
1390 1188 1577 1247 figuram
1598 1186 1644 1230 in
1661 1201 1749 1246 qua

352 1274 522 1303 summa
540 1257 766 1320 aequalitas
792 1259 978 1304 inveniri
1000 1269 1133 1320 queat
1159 1274 1479 1321 :quaecumque
1508 1257 1625 1303 enim
1643 1256 1745 1312 erit,

353 1345 403 1374 ca
424 1329 589 1374 caeteris
609 1331 700 1374 sine
737 1329 1012 1375 dubitatione
1033 1329 1306 1392 praeferetur.
1345 1333 1398 1375 E.
1438 1328 1587 1375 Placet
1617 1343 1745 1383 vero,

355 1410 399 1446 et
415 1417 514 1462 quae
536 1401 616 1445 ista
629 1401 683 1445 sit
696 1435 707 1456 ,
730 1401 837 1446 scire
849 1403 995 1461 cupio.

355 1544 1753 1568 Μ’ἱὌἉΝΛΜΝΝἉνἋΜΝΜΑννἏὶνἉἫἏΜΜΝἎὮΛΑΛὫἏΜΜΝΙΜΜΝἏΜΛΝἋΜ

906 1659 1123 1706 CAPUT
1162 1660 1225 1705 X.

675 1793 877 1842 Summa
899 1790 1155 1852 (equalitas
1176 1791 1225 1836 in
1238 1790 1434 1852 figuris.

421 1924 540 1967 XVI.
573 1924 626 1966 A.
652 1923 783 1966 Pares
820 1934 921 1978 ergo
941 1916 1180 1978 responde,
1205 1925 1356 1961 utrum
1383 1914 1462 1960 tibi
1499 1914 1676 1960 illarum
1699 1915 1753 1959 fi-

362 2009 593 2053 gurarum,
639 2006 826 2054 quarum
855 1991 945 2051 jam
979 1998 1197 2052 quantum
1238 1987 1337 2032 satis
1374 1986 1607 2032 videbatur
1640 1985 1754 2031 facta

362 2066 527 2111 mentio
566 2074 656 2119 est,
693 2079 743 2108 ea
772 2061 972 2107 videatur
1007 2059 1240 2115 excellere,
1276 2074 1375 2119 quae
1406 2066 1596 2118 quatuor
1628 2056 1754 2102 lineis

362 2138 561 2199 paribus,
594 2134 864 2195 totidemque
895 2132 1064 2192 angulis
1087 2130 1266 2191 paribus
1298 2138 1467 2174 constet
1494 2148 1502 2173 z
1535 2143 1750 2189 namque,

365 2220 413 2255 ut
425 2209 545 2254 vides
560 2243 570 2263 ,
591 2207 636 2251 in
660 2207 740 2251 hac
763 2215 805 2249 et
828 2204 1043 2249 linearum
1075 2200 1299 2264 aequalitas
1317 2210 1360 2245 et
1377 2199 1638 2258 angulorum
1659 2208 1750 2244 est:

362 2291 405 2325 et
421 2280 541 2340 quod
558 2279 604 2323 in
626 2277 722 2332 illa,
747 2292 846 2337 quae
878 2275 1017 2319 tribus
1042 2273 1165 2318 lineis
1179 2271 1355 2332 paribus
1389 2269 1610 2315 clauditur
1625 2305 1636 2325 ,
1665 2285 1754 2314 non

361 2350 715 2403 inveniebamus,
762 2346 883 2391 adest
915 2346 1017 2390 huic
1046 2342 1237 2405 parilitas
1265 2342 1583 2387 contrariorum
1616 2360 1625 2385 ε
1651 2356 1752 2385 nam

361 2424 489 2469 lineae
514 2422 650 2477 linea,
675 2429 718 2464 et
741 2418 925 2478 angulus
942 2417 1104 2478 angulo
1121 2425 1200 2470 est,
1225 2425 1275 2460 ut
1292 2415 1446 2470 cernis,
1483 2413 1739 2458 contrarius.

364 2498 417 2541 E.
448 2498 515 2540 Ita
530 2509 634 2539 vero
651 2500 734 2547 est,
761 2500 811 2536 ut
827 2490 948 2536 dicis.
969 2493 1021 2534 A.
1043 2488 1262 2533 Habet-ne
1291 2500 1507 2532 summam
1527 2483 1754 2546 aequalita-

368 2577 480 2622 tem,
506 2582 560 2612 an
582 2564 704 2609 aliter
727 2563 805 2608 tibi
828 2561 1027 2607 videtur?
1047 2562 1155 2606 Nam
1179 2559 1213 2604 si
1237 2558 1368 2603 habet
1384 2593 1396 2614 ,
1420 2557 1578 2602 trustra
1595 2565 1646 2601 ut
1663 2555 1753 2601 ins·
