1888 3168
577 185 703 212 Linssu
735 186 789 212 DE
823 183 1100 221 QLANTrsATE
1137 185 1298 211 AMMAE.
1345 208 1348 209 γ
1556 175 1635 212 301

239 262 302 297 ter
329 261 472 297 tamen
490 252 536 295 in
554 266 604 295 eo
623 266 823 295 sermone
838 249 1044 295 demoror
1056 286 1066 305 ,
1088 267 1176 311 quo
1193 250 1455 295 admonetur
1478 251 1636 305 anima,

235 340 292 369 ne
314 340 357 369 se
381 323 496 368 ultra
519 338 653 383 quam
675 322 907 366 necessitas
930 322 1049 381 cogit
1066 321 1275 366 refundat
1297 321 1343 364 in
1361 338 1510 367 sensus
1528 358 1538 378 ‚
1565 321 1641 367 sed

235 396 290 440 ab
313 395 380 440 his
406 394 552 455 potius
583 393 639 438 ad
662 409 705 437 se
735 394 875 454 ipsam
903 392 1106 453 colligat,
1139 402 1183 437 et
1208 403 1485 453 repuerascat
1509 398 1600 438 Deo
1630 413 1638 438 ;

235 467 357 529 quod
369 477 431 512 est
442 481 607 511 novum
621 465 847 510 hominem
860 465 970 522 fieri,
989 474 1134 511 vetere
1147 475 1293 522 exuto,
1313 482 1335 510 a
1347 481 1435 526 quo
1448 466 1641 525 incipere

233 549 414 600 propter
441 537 689 597 neglectam
726 537 805 581 Dei
838 536 979 595 legem
1013 546 1130 582 certa
1164 546 1228 581 est
1258 536 1511 591 necessitas,
1552 552 1640 597 quo

234 626 378 672 neque
395 609 538 655 verius
561 625 705 670 neque
728 609 936 654 secretius
959 608 1203 670 quidquam
1231 608 1462 669 Scripturis
1486 607 1642 652 divinis

233 682 499 728 continetur.
527 679 698 725 Vellem
720 681 823 725 hinc
845 678 973 741 plura
997 679 1142 725 dicere
1156 716 1166 736 ,
1183 696 1231 725 ac
1253 696 1324 724 me
1342 680 1486 740 ipsum
1512 695 1641 724 cons-

232 755 445 814 tringere,
468 753 575 798 dum
603 753 728 814 quasi
751 753 832 797 tibi
854 753 1061 814 praecipio
1078 789 1088 809 ,
1118 762 1168 797 ut
1190 752 1302 797 nihil
1325 750 1445 796 aliud
1469 767 1641 810 agerem

231 843 364 888 quam
388 825 594 871 redderer
617 825 725 870 mihi
741 828 751 852 1
768 861 778 881 ,
807 825 878 870 cui
900 841 971 870 me
1004 825 1191 869 maxime
1211 824 1354 869 debeo
1378 844 1386 869 :
1417 833 1549 885 atque
1582 823 1641 867 ita

231 904 317 943 Deo
340 897 454 953 fieri,
477 897 598 958 quod
620 897 680 941 ait
702 897 937 953 Horatius,
963 896 1169 940 Amicum
1190 895 1460 956 mancipium
1488 894 1641 939 Domi-

235 986 308 1015 no.
329 969 460 1024 Quod
474 970 654 1015 omnino
672 969 766 1014 fieri
781 985 872 1014 non
887 978 1056 1030 potest,
1077 968 1160 1012 nisi
1174 967 1229 1012 ad
1242 969 1335 1028 ejus
1352 966 1641 1011 reformemur

229 1042 466 1101 imaginem
481 1078 491 1097 ,
512 1058 645 1103 quam
659 1041 785 1086 nohis
804 1040 1226 1102 utpretiosissimum
1246 1038 1457 1100 quiddam
1475 1047 1519 1083 et
1541 1039 1642 1082 cha-

230 1114 447 1159 rissimum
471 1114 805 1160 custodiendam
831 1114 976 1170 dedit,
1011 1113 1119 1158 dum
1140 1129 1219 1157 nos
1243 1112 1358 1173 ipsos
1381 1111 1507 1156 nohis
1533 1110 1640 1155 tales

228 1184 376 1241 dedit,
403 1185 612 1247 qualibus
632 1185 745 1232 nihil
774 1186 909 1247 possit
937 1194 1098 1245 praeter
1121 1185 1266 1244 ipsum
1289 1182 1519 1243 anteponi.
1548 1184 1640 1226 Hac

227 1267 375 1303 autem
401 1259 574 1305 actione
597 1257 708 1303 nihil
740 1258 849 1302 mihi
873 1256 1048 1303 videtur
1076 1256 1321 1316 operosius,
1360 1263 1403 1298 et
1436 1253 1547 1298 nihil
1577 1263 1643 1297 est

225 1332 454 1377 cessationi
468 1330 651 1376 similius
674 1351 682 1376 2
699 1346 844 1391 neque
858 1339 1006 1374 tamen
1019 1344 1114 1372 eam
1129 1328 1346 1389 suscipere
1367 1335 1442 1371 aut
1456 1325 1640 1386 implere

227 1402 397 1447 animus
418 1411 585 1463 potest,
611 1402 691 1445 nisi
709 1417 760 1446 eo
784 1401 878 1461 ipso
907 1401 1143 1462 adjuvante
1166 1400 1236 1444 cui
1269 1398 1485 1443 redditur.
1514 1397 1640 1442 Unde

225 1474 276 1517 fit
297 1481 347 1517 ut
362 1474 496 1518 homo
510 1474 601 1534 ejus
623 1471 857 1517 clementia
875 1470 1184 1519 reformandus
1202 1471 1281 1526 sit,
1303 1471 1425 1531 cujus
1442 1468 1639 1515 bonitate

225 1561 275 1591 ac
297 1555 514 1606 potestate
536 1543 749 1591 formatus
773 1555 850 1590 est.

225 1706 296 1723 mm!
301 1706 440 1724 wrm!
445 1706 511 1724 tw}
517 1706 583 1723 Wss
588 1705 656 1723 *tm*
661 1706 728 1724 Ὰὶἱ
735 1705 801 1722 {W}
809 1705 876 1722 MS
879 1705 948 1722 Νννὶ
954 1702 1020 1721 ww
1026 1703 1093 1720 νυνὶ
1098 1703 1165 1720 um
1170 1703 1309 1720 Ἃιὶννινὶ
1315 1703 1381 1720 ww!
1387 1703 1528 1719 mvnvs
1531 1702 1600 1718 ΔΝΜ
1605 1702 1634 1718 u

688 1828 909 1878 CAPUT
954 1829 1163 1876 XXIX&

466 1989 761 2050 Seleucia-:et
791 2005 960 2035 sensus
991 1986 1112 2047 qzcz'cl
1142 1987 1393 2050 dfferant.

290 2132 403 2174 LVI.
434 2131 518 2174 SED
548 2127 603 2172 ad
634 2127 911 2188 propositum
940 2125 1081 2171 redire
1114 2126 1332 2186 cogimur.
1360 2128 1505 2180 Quare
1535 2125 1634 2171 vide

227 2211 380 2247 utrum
398 2200 477 2245 tibi
485 2201 577 2261 jam
599 2200 839 2260 probatum
861 2198 939 2254 sit,
965 2196 1078 2242 feras
1101 2212 1192 2242 non
1209 2197 1374 2243 habere
1388 2198 1632 2253 scientiam,

227 2283 456 2335 totamque
477 2271 598 2317 illam
615 2272 738 2318 velut
750 2271 987 2330 imaginem
1005 2270 1220 2327 scientiae,
1247 2286 1381 2332 quam
1404 2271 1631 2326 miramur,

228 2345 318 2391 vim
340 2360 430 2390 esse
453 2343 684 2390 sentiendi.
706 2346 758 2389 E.
787 2342 1030 2388 Probatum
1047 2358 1173 2399 sane,
1199 2351 1243 2387 et
1274 2342 1308 2387 si
1332 2342 1439 2404 quid
1471 2342 1527 2386 de
1548 2343 1635 2387 hoc

278 2454 286 2469 ¹
312 2458 324 2478 1
354 2449 498 2479 Retract.
522 2457 551 2478 c.
573 2456 629 2478 vin
643 2469 654 2488 ‚
672 2456 704 2477 n.
728 2445 758 2477 3.
781 2462 824 2467 -
844 2451 859 2484 ju·
883 2445 919 2477 In
934 2442 1026 2477 editis
1043 2442 1210 2477 veteribus
1234 2448 1332 2487 caput
1349 2442 1431 2477 male
1459 2442 1572 2486 incipit
1591 2443 1631 2474 ad

231 2504 299 2538 time
316 2503 413 2537 rerba
431 2502 598 2546 sequentia
615 2515 623 2534 ;
643 2506 683 2535 ·1.
702 2499 794 2546 Quid
807 2499 906 2535 alz'zul
916 2508 1037 2546 putas,
1057 2504 1122 2535 etc.
1138 2503 1220 2536 Item
1241 2505 1340 2544 caput
1357 2512 1494 2545 sequens
1509 2499 1550 2533 ad
1568 2498 1634 2533 hacc

230 2561 290 2596 alia
312 2574 318 2595 ε
337 2559 507 2605 Quidnam
521 2558 561 2594 l'cl
570 2567 640 2602 est,
660 2564 727 2594 etc.
