1852 3163
623 161 677 188 DE
701 162 864 188 ORDINE
896 161 980 188 LIB.
1017 159 1064 187 11.
1523 153 1601 191 191

203 242 385 289 quoquo
397 226 532 271 modo
544 225 827 286 permittitur.
849 228 962 271 Nam
978 235 1030 269 ut
1045 224 1339 284 intelligamus
1350 262 1360 281 ,
1378 227 1479 288 quia
1494 231 1609 274 Deus

203 314 374 359 semper
405 299 547 359 justus
576 296 683 353 suit,
711 296 891 359 quando
916 296 1058 341 extitit
1094 296 1259 341 malum
1296 297 1417 357 quod
1445 315 1468 343 a
1488 299 1608 346 bono

203 372 452 432 sejungeret
469 405 480 425 ,
505 367 617 413 nihil
648 368 821 414 distulit
850 385 927 414 sua
948 368 1109 430 cuique
1132 369 1354 435 tribuere:
1380 386 1471 414 non
1493 372 1610 416 enim

204 450 310 487 tunc
333 441 372 486 ei
392 450 484 488 erat
497 440 704 486 discenda
714 441 907 502 justitia,
922 439 1000 486 sed
1016 449 1123 486 tunc
1137 456 1186 486 ea
1210 440 1454 499 utendum,
1478 459 1612 504 quam

203 529 375 574 semper
397 512 570 557 habuit.

263 587 435 629 XXIII.
472 582 604 638 Quod
626 599 729 628 cum
751 593 796 629 et
813 584 1036 630 Licentius
1072 593 1116 628 et
1148 592 1289 628 mater
1320 584 1366 628 in
1387 593 1510 629 tanta
1532 601 1613 630 nem

203 656 401 701 cessitate
419 657 759 717 approbassent:
785 655 925 713 Quid,
951 656 1156 717 inquam,
1182 655 1290 701 dicis
1314 656 1510 702 Licenti?
1530 657 1615 702 Ubi

204 738 270 774 est
288 727 412 790 quod
428 738 519 773 tam
540 744 810 789 magnopere
828 728 1067 784 asseruisti,
1089 727 1199 773 nihil
1226 738 1386 789 praeter
1413 728 1614 774 ordinem

204 801 325 845 fieri?
347 801 480 855 Quod
500 801 619 846 enim
653 799 822 846 factum
853 810 990 847 estut
1020 800 1187 846 malum
1220 811 1496 858 nasceretur,
1524 793 1615 848 non

204 873 361 933 utique
392 873 472 917 Dei
502 871 656 917 ordine
696 871 863 918 factum
901 882 964 918 est
984 893 992 918 ε
1033 872 1108 917 sed
1139 888 1242 917 cum
1283 883 1394 918 esset
1433 883 1587 918 natum
1603 910 1613 930 ,

205 943 283 989 Dei
306 942 461 989 ordine
483 943 704 989 inclusum
727 953 806 989 est.
832 947 891 989 Et
912 943 986 989 ille
1004 944 1224 989 admirans
1249 960 1297 989 ac
1328 943 1511 990 moleste
1546 945 1614 990 fe-

205 1030 325 1071 rens,
350 1015 474 1076 quod
504 1024 593 1060 tam
614 1025 796 1076 repente
819 1016 937 1061 bona
962 1031 1091 1060 causa
1112 1025 1223 1060 esset
1251 1015 1371 1077 lapsa
1394 1015 1449 1061 de
1477 1017 1619 1062 mani-

205 1086 312 1133 bus:
337 1091 542 1144 Prorsus,
564 1087 738 1149 inquit,
769 1104 822 1132 ex
853 1087 929 1132 illo
963 1087 1063 1133 dico
1095 1082 1279 1149 coepisse
1302 1088 1528 1145 ordinem,
1565 1105 1616 1134 ex

206 1175 297 1220 quo
319 1158 488 1204 malum
517 1174 609 1204 esse
651 1160 803 1220 coepit.
831 1162 975 1219 Ergo,
1003 1160 1210 1221 inquam,
1250 1171 1302 1205 ut
1329 1169 1441 1205 esset
1472 1162 1616 1221 ipsum

205 1230 371 1275 malum
383 1267 394 1286 ,
407 1247 500 1277 non
512 1230 667 1276 ordine
689 1231 857 1276 sactum
869 1240 956 1286 est,
973 1231 1006 1275 si
1019 1240 1117 1292 post
1129 1247 1263 1292 quam
1282 1232 1450 1276 malum
1468 1242 1615 1278 ortum

204 1311 293 1356 est,
317 1301 425 1348 ordo
460 1317 551 1348 esse
573 1303 726 1362 coepit.
749 1301 837 1347 Sed
854 1317 1026 1363 semper
1048 1312 1140 1347 erat
1162 1303 1272 1348 ordo
1301 1302 1420 1364 apud
1442 1307 1585 1349 Deum
1604 1324 1613 1351 :

206 1382 251 1418 et
271 1383 350 1419 aut
376 1389 546 1434 semper
577 1371 664 1418 fuit
685 1371 798 1417 nihil
821 1373 944 1434 quod
971 1372 1133 1418 dicitur
1156 1373 1323 1419 malum
1343 1394 1351 1420 :
1378 1384 1455 1420 aut
1477 1377 1511 1421 si
1534 1376 1617 1422 ali-

206 1445 391 1508 quando
411 1447 636 1492 invenitur
647 1446 855 1507 coepisse,
881 1446 986 1508 quia
1008 1446 1117 1492 ordo
1130 1447 1223 1508 ipse
1247 1457 1324 1493 aut
1345 1448 1512 1494 bonum
1529 1459 1615 1507 est⁷

205 1528 283 1564 aut
303 1535 356 1564 ex
377 1519 497 1564 bono
520 1528 609 1575 est,
634 1534 864 1580 nunquam
896 1518 1067 1582 aliquid
1090 1520 1183 1565 sine
1216 1520 1373 1566 ordine
1404 1521 1511 1579 fuit,
1537 1538 1621 1570 nec
1655 1573 1659 1582 Α
1679 1572 1682 1573 ⁷

208 1591 290 1637 erit
312 1591 566 1653 aliquando.
598 1591 809 1645 Quamvis
837 1601 881 1636 et
917 1591 1064 1637 nescio
1099 1592 1210 1653 quid
1233 1592 1379 1653 potius
1398 1594 1589 1640 occurrit
1604 1630 1618 1651 ,

207 1662 285 1708 sed
300 1662 375 1708 illa
397 1661 718 1708 consuetudine
740 1661 975 1707 oblivionis
999 1662 1199 1723 elapsum
1228 1674 1312 1711 est:
1341 1666 1465 1728 quod
1486 1666 1621 1713 credo

206 1734 359 1780 ordine
386 1733 618 1794 contigisse
646 1750 727 1794 pro
758 1734 916 1780 merito
944 1734 1016 1780 vel
1047 1735 1187 1795 gradu
1219 1736 1291 1782 vel
1320 1737 1475 1783 ordine
1495 1739 1615 1785 vitae.

208 1807 361 1854 Nescio
383 1804 609 1868 quomodo
622 1805 755 1861 mihi,
776 1805 942 1867 inquit,
968 1806 1126 1867 effrigit
1139 1843 1149 1863 ,
1166 1824 1302 1869 quam
1316 1825 1436 1855 nunc
1459 1826 1620 1872 sperno

209 1879 471 1925 sententiam
490 1894 606 1924 :non
628 1878 743 1922 enim
764 1878 902 1922 debui
923 1878 1068 1924 dicere
1080 1890 1180 1943 post
1193 1897 1327 1942 quam
1349 1883 1517 1929 malum
1538 1902 1620 1930 na—

210 1961 307 1996 tum
343 1959 433 2006 cst,
459 1950 641 2010 coepisse
671 1948 898 1995 ordinem:
919 1950 995 1995 sed
1026 1961 1077 1996 ut
1108 1951 1184 1997 illa
1210 1953 1401 2014 justitia,
1443 1955 1498 2000 de
1534 1973 1622 2018 qua

213 2023 444 2083 Trygetius
460 2021 685 2077 disseruit,
709 2021 771 2065 ita
788 2030 834 2065 et
853 2022 1054 2066 ordinem
1077 2021 1209 2068 fuisse
1231 2024 1350 2085 apud
1366 2029 1529 2073 Deum:
1547 2028 1624 2073 sed

212 2095 268 2140 ad
284 2110 521 2139 usumnon
542 2093 710 2139 venisse
723 2128 734 2150 ,
759 2093 843 2138 nisi
854 2103 954 2153 post
967 2111 1102 2156 quam
1124 2095 1240 2141 mala
1260 2113 1351 2142 esse
1366 2109 1616 2160 coeperunt.

212 2165 407 2223 Eodem,
431 2166 641 2227 inquam,
665 2164 871 2230 relaberis
890 2185 900 2211 2
924 2165 1036 2212 illud
1057 2167 1175 2213 enim
1197 2169 1319 2230 quod
1341 2171 1521 2216 minime
1537 2172 1617 2230 vis,

212 2239 524 2284 inconcussum
542 2247 715 2283 manet:
740 2253 843 2282 nam
856 2237 945 2283 sive
963 2238 1080 2299 apud
1101 2243 1243 2285 Deum
1274 2240 1359 2286 fuit
1376 2242 1506 2300 ordo,
1532 2244 1621 2290 sive

215 2327 267 2355 ex
294 2309 368 2355 illo
398 2319 597 2370 tempore
619 2325 709 2354 esse
726 2309 888 2369 coepit,
915 2325 966 2354 ex
983 2327 1073 2372 quo
1106 2312 1237 2357 etiam
1257 2312 1447 2371 malum,
1473 2324 1621 2360 tamen

215 2383 383 2429 malum
402 2382 514 2428 illud
535 2392 696 2444 praeter
719 2382 920 2428 ordinem
933 2393 1087 2428 natum
1104 2395 1182 2430 est.
1201 2387 1377 2440 Quodsi
1395 2388 1620 2446 concedis,

216 2456 364 2501 fateris
394 2454 560 2517 aliquid
585 2464 747 2516 praeter
770 2454 971 2501 ordinem
995 2472 1118 2517 posse
1151 2458 1246 2502 sieri
1267 2479 1278 2517 3
1299 2459 1420 2520 quod
1449 2477 1623 2506 causam

220 2537 343 2574 tuam
366 2526 572 2574 debilitat
601 2543 650 2574 ac
676 2527 926 2575 detruncat.
956 2528 999 2574 Si
1017 2538 1164 2575 autem
1184 2546 1277 2576 non
1298 2533 1524 2589 concedis,
1553 2534 1622 2578 in-
