1852 3163
234 179 317 219 126
675 190 709 215 s.
744 185 976 216 Aucus‘nm
1007 186 1190 215 EPISCOPI

231 256 381 302 davit?
405 256 446 300 Is
473 254 581 299 mihi
597 252 785 311 videtur,
806 255 965 316 inquit,
995 253 1276 299 immundum
1302 251 1505 312 spiritum
1530 265 1621 296 non

231 327 409 382 habere,
428 325 505 387 qui
526 335 641 370 caste
654 325 775 371 vivit.
799 325 883 371 Sed
897 334 1081 380 castum,
1102 325 1298 385 inquam,
1316 338 1450 384 quem
1469 323 1623 368 vocas?

232 403 428 445 Eum-ne
449 398 526 459 qui
548 397 657 443 nihil
680 407 849 458 peccat,
874 413 930 441 an
962 412 1064 441 eum
1086 396 1163 458 qui
1186 396 1241 441 ab
1263 395 1417 441 illicito
1451 403 1624 440 tantum

232 471 472 518 concubitu
490 473 731 531 temperet?
745 468 995 525 Quomodo,
1014 469 1174 530 inquit,
1199 477 1340 514 castus
1354 475 1498 529 potest
1512 482 1620 523 esse,

233 543 310 605 qui
328 542 382 587 ab
409 541 563 587 illicito
584 551 757 587 tantum
794 541 1037 586 concubitu
1058 541 1279 586 abstinens
1307 556 1424 596 sese,
1457 538 1624 585 caeteris

234 614 423 676 peccatis
444 629 535 658 non
557 612 716 659 desinit
742 612 992 675 inquinari?
1026 611 1106 658 Ille
1132 621 1196 657 est
1217 627 1318 658 vere
1347 620 1512 667 castus,
1550 610 1628 671 qui

236 692 373 731 Deum
395 685 598 742 attendit,
624 695 668 730 et
689 684 745 730 ad
778 686 920 746 ipsum
949 683 1092 731 solum
1125 700 1169 730 se
1190 693 1325 729 tenet.
1358 686 1468 738 Quae
1494 681 1629 728 verba

235 757 362 819 pueri
383 757 496 802 sicut
516 757 633 803 dicta
648 767 787 814 erant,
803 773 906 803 cum
931 757 1148 803 conscribi
1171 757 1281 802 mihi
1297 755 1533 817 placuisset
1551 773 1562 800 :
1587 756 1630 798 Is

239 844 359 888 crgo,
384 828 582 889 inquam,
607 829 779 874 necessse
797 837 861 873 est
878 837 929 873 ut
950 829 1063 873 bene
1084 828 1218 883 vivat,
1243 836 1286 872 et
1303 827 1380 888 qui
1395 827 1506 871 bene
1522 825 1631 871 vivit

170 917 176 929 ²
239 900 479 945 necessario
497 900 594 946 talis
612 909 697 956 cst,
723 900 803 944 nisi
823 899 934 961 quid
954 899 1034 944 tibi
1051 898 1171 944 aliud
1196 898 1384 944 videtur.
1410 896 1633 943 Concessit

241 988 344 1018 cum
367 972 548 1018 caeteris.
574 975 690 1032 Ergo
713 988 802 1017 una
819 981 884 1018 est
903 972 975 1017 1110
989 1007 1002 1029 ,
1037 971 1235 1034 inquam,
1260 970 1377 1016 dicta
1397 970 1628 1015 sententia.

401 1191 502 1256 Qui
520 1191 691 1250 quaerit
707 1190 867 1237 Deum
888 1189 1102 1237 nondum
1121 1189 1282 1237 Deum
1312 1188 1477 1236 habet.

302 1317 426 1360 XIX.
455 1318 539 1361 SED
560 1315 672 1361 illud
692 1333 716 1361 a
729 1316 852 1361 vobis
871 1316 1103 1377 paululum
1125 1332 1292 1378 quaero⁷
1317 1315 1507 1362 velit-ne
1522 1318 1640 1360 Deus

247 1396 300 1433 ut
334 1389 469 1432 homo
502 1391 644 1432 Deum
678 1391 877 1449 quaerat?
904 1388 1145 1434 Dederunt.
1193 1392 1305 1433 Item
1336 1404 1486 1449 quaero
1507 1403 1640 1432 num-

246 1459 459 1521 quidnam
480 1475 709 1519 possumus
731 1460 874 1504 dicere
895 1459 1042 1516 illum,
1064 1461 1139 1522 qui
1158 1463 1300 1505 Deum
1321 1459 1501 1521 quaerit,
1526 1459 1640 1503 male

246 1531 421 1576 vivere?
442 1530 574 1576 Nullo
588 1530 737 1586 modo,
759 1530 976 1577 dixerunt.
998 1532 1142 1576 Etiam
1159 1533 1243 1577 1100
1260 1531 1440 1576 tertium
1462 1546 1641 1590 respon-

248 1601 348 1646 dete
370 1621 379 1646 :
403 1601 587 1662 Spiritus
606 1601 860 1647 immundus
870 1612 1093 1663 potest—ne
1106 1607 1247 1648 Deum
1261 1604 1482 1664 quaerere?
1497 1604 1641 1660 Nega-

248 1672 379 1730 bant,
406 1672 680 1735 aliquantum
701 1674 933 1719 dubitante
963 1675 1158 1734 Navigio,
1195 1675 1271 1736 qui
1292 1684 1441 1736 postea
1461 1683 1646 1719 caetero-

248 1761 348 1790 rum
369 1745 552 1791 vocibus
574 1746 712 1791 cessit.
742 1746 786 1791 Si
805 1746 953 1806 igitur,
979 1747 1177 1808 inquam⁷
1197 1747 1274 1808 qui
1302 1752 1437 1792 Deum
1459 1746 1640 1808 quaerit,
1660 1740 1663 1741 ⁷

250 1817 297 1862 id
326 1815 431 1862 facit
466 1817 589 1878 quod
624 1824 734 1862 Deus
753 1819 865 1875 vult,
905 1828 948 1863 et
970 1819 1083 1863 bene
1115 1819 1240 1877 vivit,
1265 1827 1309 1863 et
1335 1818 1536 1879 spiritum
1556 1818 1644 1862 im-

252 1888 471 1933 mundum
494 1905 584 1933 non
610 1889 769 1936 habet:
799 1890 875 1951 qui
904 1899 1052 1934 autem
1081 1893 1222 1935 Deum
1243 1889 1417 1951 quaerit,
1442 1890 1644 1935 nondum

252 1960 385 2005 habet
402 1964 556 2005 Deum:
580 1977 670 2006 non
691 1962 824 2022 igitur
840 1963 1038 2024 quisquis
1056 1973 1132 2008 aut
1154 1963 1266 2007 bene
1279 1963 1402 2019 vivit,
1429 1971 1506 2007 aut
1522 1962 1646 2023 quod

254 2030 350 2076 vult
374 2035 488 2077 Deus
506 2030 625 2088 facit,
647 2042 723 2077 aut
738 2034 939 2094 spiritum
955 2034 1237 2080 immundum
1257 2051 1348 2080 non
1368 2034 1520 2089 habet,
1543 2049 1644 2079 con-

253 2118 343 2147 nuo
365 2106 505 2148 Deum
525 2103 688 2148 habere
704 2103 948 2150 credendus
975 2114 1054 2150 est.
1076 2106 1158 2150 Hic
1174 2121 1276 2150 cum
1301 2120 1346 2149 se
1367 2104 1514 2149 caeteri
1539 2114 1646 2151 con-

254 2174 519 2220 cessionibus
539 2175 625 2220 suis
642 2174 846 2236 deceptos
863 2176 1070 2232 riderent,
1095 2175 1334 2237 postulavit
1356 2186 1511 2233 mater,
1543 2184 1647 2221 cum·

255 2244 333 2290 diu
364 2245 538 2307 stupida
559 2245 724 2304 fuisset,
761 2257 811 2292 ut
832 2248 872 2292 ei
908 2248 993 2294 hoc
1025 2248 1170 2309 ipsum
1201 2247 1323 2309 quod
1353 2249 1648 2294 conclusionis

256 2317 512 2363 necessitate
537 2318 699 2364 intorte
732 2319 942 2377 dixeram,
966 2319 1226 2382 explicando
1244 2319 1485 2365 relaxarem
1512 2330 1647 2382 atquc

255 2388 484 2434 solverem.
525 2391 655 2444 Quod
688 2407 791 2436 cum
824 2391 989 2437 sactum
1022 2401 1156 2438 esset:
1191 2391 1277 2438 Sed
1314 2408 1460 2449 nemo,
1500 2392 1647 2453 inquit

257 2468 401 2519 potest
421 2462 648 2520 pervenire
665 2462 722 2507 ad
742 2469 894 2520 Deum,
917 2464 999 2509 nisi
1026 2467 1166 2509 Deum
1188 2464 1420 2526 quaesierit.
1450 2464 1643 2526 Optime,

256 2530 625 2591 inqua1n.Tamen
646 2535 724 2596 qui
741 2534 886 2584 adhuc
906 2537 1080 2599 quaerit,
1098 2536 1298 2586 nondum
1314 2535 1368 2585 ad
1390 2540 1529 2584 Deum
1547 2551 1650 2597 per-
