1888 3168
317 232 398 273 438
738 249 772 275 s.
809 247 1035 278 AUGUSTINI
1071 248 1249 277 EPlscoPI

312 326 413 356 cum
436 311 514 356 sibi
537 313 797 372 copulantur
819 315 893 374 qui
924 315 1035 358 iuter
1064 329 1107 358 se
1126 322 1226 358 sunt
1249 313 1514 373 copulabiles
1536 315 1692 375 pedes,

312 400 383 431 cas
399 393 539 443 partes
553 385 710 430 debere
724 385 766 429 in
782 386 867 429 linc
881 385 1084 446 subjungi
1098 400 1198 445 quae
1216 385 1419 430 omnibus
1427 387 1695 434 conveniunt

311 456 356 500 in
380 456 452 500 illa
473 457 580 501 serie
603 457 843 512 collocatis,
871 473 926 501 ne
953 457 1064 501 inter
1082 457 1218 502 socios
1240 457 1432 518 quodam
1455 457 1588 503 modo
1604 457 1699 508 dis-jo

313 526 473 572 cordiae
495 527 660 590 aliquid
682 529 858 574 oriatur.

370 600 582 644 XXXIII.
622 598 738 645 Illud
759 597 894 658 magis
914 597 1162 644 mirandum
1186 608 1271 655 cst,
1297 598 1417 661 quod
1438 614 1539 646 cum
1565 614 1699 660 spon-

315 668 422 713 deus
445 679 486 714 ct
515 669 756 714 diiambum
778 678 821 714 et
849 669 1096 715 dichorium
1121 670 1309 716 suaviter
1329 671 1526 728 claudat,
1552 680 1700 716 tamen

311 755 413 786 eum
435 741 480 785 hi
503 741 591 787 duo
620 741 750 802 pedes
777 741 864 786 sive
888 741 987 797 soli,
1014 743 1102 788 sive
1129 758 1229 788 cum
1269 742 1359 788 aliis
1381 742 1701 803 copulabilibus

312 829 491 874 quoquo
514 813 645 858 modo
668 815 809 859 mixtis
831 815 874 858 in
893 830 979 859 una
998 816 1105 859 serie
1120 814 1302 871 fuerint,
1323 814 1540 876 spondeus
1554 815 1600 859 in
1613 814 1702 859 fine

310 886 579 946 approbante
593 902 718 931 sensu
737 886 839 947 poni
859 902 948 931 non
964 897 1121 948 potest.
1144 887 1248 942 Quis
1268 888 1382 932 enim
1400 887 1597 943 dubitet,
1617 902 1701 932 au·-

311 973 377 1002 rcs
400 957 586 1002 libenter
619 958 812 1018 accipere
840 959 917 1003 ista
941 958 1110 1018 singula
1130 959 1332 1019 repetita:
1365 957 1605 1004 Timenda
1628 972 1703 1005 res

311 1046 406 1075 ηοω
437 1040 525 1075 est:
552 1031 717 1075 etitem
739 1033 988 1092 separatim,
1013 1030 1131 1077 Jcmt
1152 1032 1318 1077 timere
1340 1026 1474 1078 noli?
1496 1034 1554 1076 At
1583 1031 1616 1075 si
1644 1031 1703 1076 ita

305 1104 483 1164 jungas,
513 1102 749 1148 Tz'memla
779 1119 875 1156 res,
898 1104 1011 1166 jam
1045 1105 1209 1149 timere
1230 1103 1349 1149 noli:
1376 1103 1456 1149 nisi
1488 1103 1533 1147 in
1560 1101 1703 1149 soluta

312 1174 506 1217 oratione
524 1173 673 1218 audire
696 1174 846 1219 nolim.
871 1178 961 1221 Nee
985 1175 1225 1220 absurdum
1241 1176 1386 1221 minus
1402 1184 1487 1231 est,
1504 1175 1537 1220 si
1560 1174 1706 1236 quoli-

311 1244 387 1288 bet
404 1244 500 1289 loco
521 1245 653 1289 alium
671 1255 923 1301 connectas,
937 1245 1073 1290 veluti
1089 1246 1325 1292 molossum
1336 1247 1420 1291 hoc
1433 1245 1586 1291 modo:
1609 1244 1666 1291 V
1663 1245 1709 1289 ir

297 1315 474 1379 sortis,
521 1315 733 1361 timenda
773 1333 868 1373 res,
897 1317 1011 1380 jam
1033 1318 1197 1362 timere
1219 1317 1332 1363 noli.
1375 1317 1457 1362 Vel
1489 1317 1572 1362 ita:
1618 1315 1705 1360 Τι’-

315 1385 493 1432 memla
532 1403 630 1443 res,
669 1388 742 1432 vir
766 1387 945 1451 fortis,
970 1388 1084 1452 jam
1115 1391 1279 1435 timere
1314 1387 1427 1434 noll.
1458 1390 1538 1433 Vel
1576 1387 1706 1432 etiam

313 1458 372 1502 ita
398 1478 406 1502 z
440 1456 677 1503 Tz'memla
701 1474 797 1514 res,
819 1459 932 1522 jam
957 1460 1121 1504 timere
1148 1460 1223 1504 υἷι·
1240 1459 1396 1523 fortis
1426 1457 1537 1504 noli.
1570 1459 1705 1519 Cujus

313 1527 589 1572 absurditatis
604 1545 730 1572 causa
749 1539 811 1573 est
823 1565 833 1584 ,
850 1529 971 1590 quod
986 1546 1058 1590 pes
1076 1529 1292 1574 diiambus
1310 1530 1438 1574 etiam
1452 1528 1506 1574 ad
1519 1528 1706 1590 duplum

313 1608 356 1642 ct
390 1598 594 1658 simplum
618 1598 769 1658 plaudi
798 1609 962 1658 potest,
986 1609 1036 1643 ut
1058 1598 1113 1643 ad
1135 1599 1341 1659 simplum
1366 1609 1408 1644 et
1427 1598 1614 1659 duplum
1636 1599 1705 1644 di-

313 1668 506 1713 chorius:
533 1668 750 1728 spondeus
769 1678 914 1713 autem
937 1669 1084 1729 duplae
1107 1669 1220 1729 parti
1242 1685 1393 1714 eorum
1416 1669 1596 1731 aequalis
1618 1679 1702 1726 est,

311 1739 387 1783 sed
405 1755 506 1783 cum
521 1755 621 1783 eum
644 1738 716 1783 iile
731 1740 863 1783 trahit
876 1739 930 1783 ad
949 1740 1148 1799 primam,
1164 1739 1236 1784 hic
1254 1740 1309 1784 ad
1324 1749 1487 1784 extrem
1495 1755 1581 1796 am,
1603 1740 1707 1785 exis-

311 1811 365 1855 tit
392 1809 605 1854 nonnulla
630 1810 869 1868 discordia3
896 1815 939 1855 et
961 1811 1019 1854 ita
1042 1811 1149 1855 ratio
1172 1810 1288 1855 tollit
1317 1811 1670 1855 admirationem.

369 1885 575 1926 XXXIV.
607 1885 695 1927 Nee
718 1884 860 1926 minus
877 1881 1135 1927 miraculum
1161 1882 1251 1926 edit
1277 1882 1559 1941 antispastus,
1578 1882 1649 1927 cui
1671 1881 1706 1927 si

314 1953 460 1998 nullus
489 1952 596 1997 alius
619 1953 802 2013 pedum,
830 1963 904 1997 aut
925 1963 1042 1997 certe
1064 1952 1181 2001 solus
1205 1951 1421 1996 diiambus
1444 1952 1676 1997 misceatur
1691 1988 1702 2008 ‚

311 2025 475 2085 patitur
488 2024 632 2069 iambo
648 2033 835 2068 metrum
850 2024 1011 2080 claudi,
1028 2040 1128 2069 cum
1143 2023 1234 2068 aliis
1248 2033 1393 2067 autem
1404 2024 1569 2083 positus
1582 2021 1705 2069 nullo

313 2095 445 2141 modo
461 2118 470 2153 ς
492 2105 534 2141 ct
551 2112 652 2140 cum
671 2097 866 2141 dichorio
885 2095 1063 2157 quidem
1078 2105 1255 2156 propter
1273 2096 1415 2156 ipsum
1431 2095 1702 2155 dichorium3

313 2169 461 2230 itaque
483 2169 566 2213 hoc
588 2169 768 2212 minime
788 2171 935 2213 miror.
965 2171 1080 2214 Cum
1101 2168 1266 2213 caeteris
1288 2182 1391 2213 vero
1413 2183 1567 2212 senum
1590 2178 1704 2213 tem-

313 2257 469 2301 porum
488 2239 693 2300 pedibus,
719 2255 796 2284 cur
820 2250 1107 2285 memoratum
1129 2240 1257 2283 trium
1276 2250 1522 2298 temporum
1547 2239 1704 2299 pedem

314 2313 360 2356 in
382 2313 468 2355 fine
491 2311 711 2371 repudiet,
733 2312 876 2356 nescio
899 2329 998 2373 quae
1029 2321 1091 2355 est
1120 2326 1246 2356 causa
1261 2346 1271 2366 ,
1297 2311 1499 2355 secretior
1521 2309 1702 2356 fortasse

314 2399 444 2444 (piam
467 2392 516 2426 ut
538 2399 560 2426 a
579 2382 704 2426 nobis
718 2383 809 2425 erui
833 2392 963 2444 atque
981 2382 1149 2428 ostendi
1170 2391 1320 2443 queat:
1345 2381 1420 2426 sed
1441 2383 1524 2426 hoc
1542 2383 1601 2427 ita
1614 2397 1704 2426 esse

313 2455 378 2499 bis
402 2455 607 2514 exemplis
629 2455 781 2514 probo.
800 2458 907 2499 Nam
930 2455 1008 2500 ista
1025 2454 1114 2499 duo
1137 2464 1296 2510 metra,
1324 2456 1575 2499 Potestate
1591 2452 1703 2514 pla-

313 2535 409 2574 ces,
437 2524 955 2584 Pom-mses>0t.r›.1m·m›2
971 2524 1155 2584 placet,
1178 2540 1306 2569 nemo
1323 2525 1502 2584 ambigit
1516 2525 1704 2569 suaviter

314 2595 479 2650 singula
497 2596 626 2654 repeti
643 2612 739 2639 cum
765 2596 935 2640 silentio
961 2596 1087 2640 trium
1118 2596 1416 2654 temporumiu
1438 2596 1537 2642 fine.
1554 2596 1700 2641 Atista
