1888 3168
250 214 330 257 298
677 226 710 252 s.
748 223 980 252 AUGUSTINI
1012 223 1196 251 Erlscom

251 372 1643 398 mmmmmwwmwwumvumvwwwwwwwwmmwwumwwumwwwwww

707 499 874 549 CAPU
885 498 925 546 T
971 499 1179 548 XXVII.

654 646 803 693 Ratio
826 653 874 692 ec
900 644 1227 695 ratiocinatio.

311 790 409 836 LII.
434 790 487 833 A.
513 790 767 833 Pnovsmm
790 785 870 831 tihi
900 784 1030 847 plane
1051 785 1131 831 ista
1156 785 1400 832 constantia
1427 798 1562 848 quam
1582 787 1648 833 ci-

254 861 412 905 tissime
428 868 572 921 potest
583 895 594 915 ,
609 860 668 904 ita
681 858 788 903 mihi
804 857 1011 919 placitam
1027 858 1290 903 sententiam
1304 857 1541 919 protulisti.
1564 857 1649 905 Sed

252 949 370 979 nunc
394 934 471 978 fito
495 948 629 994 quam
655 931 1014 992 praesentissimus
1036 930 1093 976 ad
1121 931 1200 976 ista
1221 943 1323 994 quae
1347 930 1465 977 volo.
1491 933 1651 986 Quaero

252 1006 369 1050 enim
391 1005 468 1049 abs
493 1014 559 1060 te,
586 1002 695 1065 quid
724 1003 806 1048 tibi
833 1003 1039 1048 interesse
1071 1003 1273 1049 videatur
1300 1003 1414 1048 inter
1436 1002 1652 1048 rationem

251 1087 295 1122 et
316 1076 712 1121 ratiocinationem.
739 1077 791 1119 E.
815 1077 914 1120 Non
935 1075 1037 1120 satis
1057 1074 1182 1121 valeo
1207 1076 1288 1120 ista
1310 1075 1569 1120 discernere.
1595 1077 1648 1120 Α.

253 1152 347 1193 Hoc
360 1163 463 1207 ergo
477 1147 665 1202 intuere,
684 1156 837 1191 utrum
854 1146 1069 1192 existimes
1083 1148 1252 1192 homini
1260 1149 1354 1209 jam
1367 1145 1649 1204 adolescenti,

251 1219 319 1265 vel
342 1219 435 1265 viro
452 1254 463 1275 ,
484 1227 562 1263 aut
582 1221 658 1276 (ut
676 1233 855 1263 omnem
875 1218 1106 1278 ambagem
1122 1218 1344 1276 auferam)
1361 1218 1543 1280 sapienti
1562 1218 1654 1262 sine

252 1290 571 1336 intermissione
592 1290 730 1335 inesse
747 1290 962 1334 rationem
980 1326 990 1346 ,
1006 1290 1115 1335 dum
1127 1300 1274 1335 mente
1292 1307 1422 1336 sanus
1442 1299 1527 1347 est,
1543 1290 1655 1335 sicut

250 1363 413 1408 lionam
421 1361 720 1408 valetudinem
731 1361 918 1422 corpori,
931 1362 1038 1405 dum
1053 1371 1172 1421 peste
1184 1378 1232 1407 ac
1244 1361 1501 1407 vulneribus
1511 1370 1630 1407 caret
1642 1379 1651 1406 ε

252 1451 309 1480 an
323 1436 434 1480 sicut
446 1433 672 1478 ambulare
685 1469 696 1489 ,
713 1434 862 1477 sedere
874 1468 884 1488 ,
901 1432 1025 1493 loqui
1039 1468 1048 1488 ,
1064 1432 1197 1477 modo
1210 1433 1347 1477 inesse
1359 1468 1370 1488 ,
1389 1432 1523 1477 modo
1537 1432 1656 1477 dees-

252 1523 312 1552 se.
338 1510 390 1551 E.
415 1509 540 1551 Sanae
561 1505 700 1549 menti
721 1519 891 1565 semper
913 1513 1022 1564 puto
1044 1504 1181 1548 inesse
1203 1504 1430 1549 rationem.
1457 1508 1510 1550 A.
1538 1503 1656 1557 Quid

251 1579 360 1635 hoc,
393 1577 501 1622 dum
529 1593 608 1638 per
636 1593 686 1621 ea
720 1593 819 1637 quae
854 1575 1160 1620 conceduntur
1188 1592 1237 1620 ac
1258 1574 1489 1620 manifesta
1526 1584 1653 1631 sunt,

252 1650 323 1695 vel
336 1648 650 1709 interrogando
668 1648 802 1692 alium
814 1683 825 1703 ,
844 1646 916 1692 vel
933 1647 1238 1691 connectendo
1256 1646 1360 1703 alia,
1376 1647 1659 1707 perducimus

253 1737 333 1766 nos
356 1721 411 1765 ad
446 1720 629 1781 alicujus
652 1720 713 1763 rei
731 1719 1048 1777 cognitionem,
1072 1718 1327 1764 Videtur-ne
1352 1718 1433 1763 tibi
1450 1727 1527 1763 aut
1547 1733 1626 1763 nos
1643 1753 1655 1774 ,

255 1803 330 1839 aut
352 1794 494 1854 quivis
523 1792 693 1853 sapiens
719 1807 891 1851 semper
918 1790 1088 1835 facere?
1119 1794 1171 1836 E.
1203 1794 1302 1837 Non
1332 1806 1502 1851 semper
1537 1807 1659 1836 :non

256 1867 371 1910 enim
396 1881 566 1926 semper
588 1866 722 1909 homo
744 1863 934 1925 quilibet
956 1873 1033 1908 aut
1054 1864 1224 1924 sapiens
1242 1872 1460 1924 quantum
1482 1863 1654 1923 opinor,

255 1937 325 1983 vel
356 1954 505 1982 secum
533 1936 603 1982 vel
635 1951 737 1981 cum
764 1935 848 1979 alio
880 1935 1038 1995 quaerit
1062 1934 1231 1996 aliquid
1252 1934 1505 1980 disserendo
1526 1954 1536 1981 ι
1556 1948 1659 1979 nam

255 2010 332 2071 qui
354 2008 539 2070 quaerit,
564 2006 766 2052 nondum
786 2006 954 2051 invenit
977 2025 985 2050 :
1009 2006 1069 2050 ita
1091 2006 1125 2050 si
1142 2021 1312 2066 semper
1329 2007 1512 2067 quaerit,
1538 2021 1657 2051 nun-

255 2097 390 2143 quam
412 2080 593 2125 invenit.
623 2079 801 2139 Sapiens
833 2087 981 2123 autem
999 2079 1090 2140 jam
1112 2078 1278 2123 invenit
1293 2113 1304 2134 ,
1329 2085 1379 2122 ut
1403 2077 1514 2122 nihil
1537 2077 1658 2123 aliud

257 2152 426 2207 dicam,
462 2151 534 2196 vel
565 2151 705 2211 ipsam
736 2149 1015 2210 sapientiam,
1046 2164 1179 2211 quam
1216 2163 1318 2192 cum
1360 2157 1471 2194 esset
1499 2150 1658 2194 stultus

258 2223 510 2269 disserendo
528 2221 707 2268 fortasse
720 2258 730 2278 ,
752 2231 829 2266 aut
842 2237 1024 2283 quoquo
1042 2220 1175 2266 modo
1190 2220 1274 2265 alio
1290 2228 1463 2281 poterat
1475 2256 1486 2277 ,
1509 2222 1657 2283 requi-

258 2297 396 2340 rebat.
423 2300 475 2341 Α.
495 2300 628 2341 Recte
644 2295 749 2340 dicis
776 2315 784 2340 ς
808 2310 942 2355 quare
965 2293 1184 2353 intelligas
1202 2292 1303 2338 volo
1318 2309 1409 2338 non
1429 2309 1518 2338 esse
1532 2294 1658 2338 istam

258 2370 497 2424 rationem,
531 2368 639 2413 dum
665 2384 743 2428 per
774 2383 840 2423 ea,
881 2383 980 2428 quae
999 2365 1303 2411 conceduntur
1327 2375 1458 2427 atque
1486 2366 1657 2424 cognita

259 2450 382 2496 sunt,
413 2439 469 2484 ad
491 2439 659 2501 aliquid
694 2440 969 2499 incognitum
1008 2438 1211 2483 ducimur
1249 2457 1257 2481 ε
1289 2438 1374 2482 hoc
1410 2437 1527 2481 enim
1567 2453 1657 2482 non

259 2527 450 2571 semper,
486 2521 537 2555 ut
569 2512 659 2571 jam
689 2512 1015 2568 consensimus,
1052 2510 1165 2555 inest
1197 2509 1334 2554 menti
1367 2525 1505 2568 sante,
1547 2508 1656 2553 ratio

262 2591 407 2627 autem
425 2598 610 2642 semper.
