1888 3168
790 263 937 290 mmlx.
1481 257 1557 296 581

170 332 244 364 Cir.
262 342 329 363 vm.
344 331 505 363 Licentius
519 329 723 374 philosophiae
740 341 850 362 amore
865 342 1050 364 succensus.
1067 350 1109 356 —
1123 333 1346 376 Repruhenws
1359 346 1376 366 a
1389 337 1456 366 Mo-

371 387 441 418 nica
457 386 541 429 quod
560 386 674 418 Psalmi
703 386 894 419 versiculum
921 387 959 418 ad
982 388 1132 430 requisita
1161 393 1281 421 naturae
1312 401 1454 432 egressus

373 442 556 474 cantitaret.
574 460 616 464 —
631 442 823 475 Liberalium
841 443 1078 486 disciplinarum
1096 445 1228 478 utilitas.
1504 451 1568 480 ‘1:39

285 509 328 531 ix'.
355 500 541 531 DrsrrrA'rio
566 500 608 531 ll.
634 497 723 531 Ordo
740 499 802 531 dux
816 500 855 532 ad
873 502 985 533 Deum.
1504 507 1568 537 ⁴103

293 565 324 587 x.
351 554 441 588 Ordo
462 555 548 597 quid.
567 557 607 586 L't
624 556 795 589 coc-scendi
813 556 1021 588 aemulationis
1040 560 1074 588 et
1086 556 1187 588 inanis
1200 557 1366 599 jactantiae
1388 569 1458 591 mo-

372 615 423 641 tus
436 610 467 642 in
485 611 740 644 adolescentibus
751 637 759 653 ‚
775 612 829 654 qui
843 612 920 643 dant
936 623 1068 654 operam
1082 612 1207 646 litteris.
1298 609 1319 625 *
1503 618 1515 646 Ἰ
1525 618 1569 647 64

285 677 327 699 xi.
355 667 477 700 Monica
494 668 537 701 ob
553 680 662 701 sexum
680 679 743 701 non
766 669 905 701 arcenda
919 680 936 701 a
956 668 1174 713 philosophica
1191 671 1420 714 disputatione.
1506 675 1568 703 1167

174 911 466 958 Disputationes
481 912 553 949 hoc
569 913 668 950 libro
688 914 773 950 duae
797 914 1066 955 continentur.
1081 914 1221 960 quibus
1235 915 1329 952 dum
1350 914 1496 951 ordinis
1511 916 1574 952 de-

222 972 439 1009 finitionem
460 974 689 1020 expendunt
706 974 975 1020 colloquentes
992 1002 1001 1016 ,
1020 974 1200 1011 incidunt
1224 975 1264 1011 in
1293 975 1420 1012 varias
1450 986 1573 1021 quaes-

223 1031 365 1073 tiones,
386 1032 551 1074 scilicet,
572 1034 764 1078 quomodo
784 1034 939 1080 sapiens
966 1044 1055 1069 cum
1080 1033 1161 1070 Deo
1194 1036 1349 1070 maneat
1368 1034 1573 1077 immotus;

223 1100 272 1126 an
284 1090 399 1127 etiam
420 1102 483 1131 ea,
505 1102 591 1137 quae
608 1103 812 1139 perperam
831 1095 878 1130 ab
896 1093 1122 1130 hominibus
1141 1094 1258 1135 fiunt,
1281 1104 1330 1130 ex
1348 1093 1419 1130 Dei
1438 1095 1574 1131 ordine

220 1154 400 1197 aguntum
445 1154 575 1187 utrum
594 1152 698 1188 Deus
713 1153 843 1199 justus
862 1156 963 1189 esset
988 1156 1077 1189 ante
1101 1153 1290 1199 originem
1309 1153 1424 1195 mali;
1445 1157 1574 1190 utrum

221 1220 271 1245 ex
289 1209 358 1246 Dei
377 1210 513 1248 ordine
544 1211 689 1247 malum
719 1214 897 1247 exortum
924 1211 988 1247 sit.
1012 1211 1152 1257 Agitur
1183 1212 1339 1248 demum
1374 1212 1496 1249 fusius
1526 1213 1574 1249 de

222 1272 330 1305 recto
344 1269 526 1306 studendi
545 1270 682 1306 ordine
695 1298 704 1312 ,
723 1271 789 1316 qui
809 1271 977 1317 postulat
995 1273 1037 1307 ut
1057 1271 1274 1307 informatis
1291 1272 1364 1308 rite
1388 1273 1574 1314 moribus,

222 1331 260 1364 et
273 1328 501 1374 comparatis
514 1328 695 1365 humanis
705 1329 920 1378 disciplinis
935 1334 1208 1377 promoveatur
1221 1331 1374 1368 animus
1382 1333 1429 1368 ad
1442 1333 1576 1370 altiora

221 1390 260 1424 et
276 1387 408 1426 divina
430 1388 695 1435 percipienda.

202 1487 276 1519 Car.
300 1497 322 1518 1.
348 1487 534 1517 Dismmo
558 1487 582 1516 Ι.
603 1485 733 1518 Ordinis
745 1486 887 1518 definitio
905 1486 1108 1529 expenditur.
1513 1492 1571 1522 171

294 1553 328 1575 11.
355 1543 434 1573 Cum
451 1543 518 1572 Deo
537 1551 624 1582 esse,
656 1541 732 1583 quid
756 1540 809 1573 sit.
832 1540 998 1579 Quomodo
1028 1540 1153 1583 sapiens
1178 1551 1252 1574 cum
1270 1544 1337 1574 Deo
1355 1548 1465 1575 manet

374 1598 537 1629 immotus.
1512 1603 1579 1633 174

271 1665 315 1686 m.
342 1653 485 1686 Stultitia
503 1663 543 1685 an
563 1663 638 1685 cum
651 1655 717 1686 Deo
736 1653 788 1685 sit.
1512 1660 1577 1689 ‘178

280 1721 324 1743 iv.
351 1712 426 1748 Quae
444 1709 541 1741 homo
559 1720 731 1752 perperam
748 1709 814 1751 agit
827 1734 835 1750 ‚
856 1719 897 1741 an
922 1708 1035 1741 ordino
1053 1713 1138 1752 agat.
1157 1709 1238 1743 Mala
1264 1710 1296 1742 in
1317 1711 1463 1744 ordinem

375 1766 508 1799 redacta
520 1765 642 1798 faciunt
655 1767 695 1798 ad
712 1766 864 1798 decorem
882 1765 1034 1798 universi.

296 1834 325 1855 v.
353 1822 518 1861 Quomodo
538 1822 731 1854 medendum
751 1821 852 1854 errori
868 1821 1068 1854 credentium
1081 1832 1132 1854 res
1145 1821 1230 1854 nullo
1247 1822 1360 1854 ordine
1383 1824 1460 1865 geri.
1512 1825 1577 1857 183

285 1890 330 1911 w.
357 1881 543 1911 Disruurio
566 1879 605 1910 II.
631 1880 718 1910 Mens
729 1877 1078 1921 sapientisimmobilis.
1514 1884 1576 1913 187

272 1947 327 1968 vn.
355 1935 520 1974 Quomodo
533 1935 612 1967 ordo
632 1934 731 1967 fuerit
748 1945 822 1967 eum
840 1934 957 1966 malum
975 1945 1038 1966 non
1055 1939 1150 1967 esset.
1513 1940 1579 1971 188

261 2003 328 2024 vm.
354 1992 535 2024 Traduntur
548 1990 685 2033 primum
703 1990 964 2024 adolescentibus
987 1995 1151 2035 praecepta
1180 1991 1275 2033 vitae,
1300 1996 1368 2024 tum
1385 1992 1464 2025 ordo

378 2048 579 2082 eruditionis.
1512 2053 1528 2083 1
1537 2053 1579 2085 93

289 2117 332 2138 ix.
360 2106 410 2139 Ad
435 2105 622 2138 discendum
639 2105 834 2139 auctoritate
851 2104 997 2138 ducimur
1015 2109 1049 2138 et
1066 2105 1204 2140 ratione.
1224 2123 1266 2131 ·-
1284 2106 1467 2141 Auctoritas

377 2161 510 2205 duplex.
1514 2167 1580 2198 194

299 2229 331 2251 x.
356 2218 438 2251 Vitae
457 2223 619 2261 praecepta
633 2217 728 2260 pauci
746 2222 970 2261 assequuntur.
1514 2223 1578 2254 ’196

285 2285 327 2308 xl.
355 2274 448 2306 Ratio
459 2272 534 2317 quid
545 2277 579 2305 et
592 2272 686 2315 hujus
703 2273 735 2305 in
748 2273 952 2307 sensibilibus
963 2275 1108 2317 vestigia.
1126 2293 1168 2300 -—-
1183 2278 1224 2308 t’t
1241 2275 1404 2308 differunt
1416 2287 1467 2310 ra-

379 2329 497 2363 tionale
519 2334 553 2362 et
569 2329 772 2362 rationabile.
1514 2335 1578 2367 198

278 2399 333 2420 xn.
361 2387 604 2430 Disciplinarum
625 2387 766 2419 omnium
785 2387 997 2429 excogitan-ix
1026 2389 1121 2420 ratio.
1144 2406 1186 2412 -—
1206 2388 1344 2422 Occasio
1367 2401 1468 2423 voca-

381 2443 541 2476 bulorum.
559 2461 600 2466 --
618 2443 754 2477 Occasio
771 2443 967 2477 litterarum.
986 2463 1028 2468 ——
1048 2444 1186 2478 Occasio
1201 2457 1471 2479 numerorum:—

381 2501 515 2534 Occasio
532 2501 734 2533 discretionis
747 2501 928 2535 litterarum
945 2528 953 2545 ‚
968 2502 1161 2545 syllabarum
1182 2508 1216 2536 et
1235 2504 1467 2537 verborum.—

383 2557 519 2591 Occasio
537 2557 689 2590 liistoriae.
1515 2562 1580 2593 ⁶202

274 2627 338 2647 xm.
367 2614 558 2647 Dialectices
578 2619 612 2647 et
625 2614 805 2648 rhetorices
823 2614 980 2648 inventio.
1516 2620 1582 2650 ⁶204
