1888 3168
331 181 415 222 352
761 192 795 219 s·
832 190 1062 221 anensium
1095 190 1277 220 Emseom

329 258 499 304 excellit
510 257 555 302 in
568 266 772 319 quatuor,
789 258 910 320 quod
924 269 1022 320 post
1031 274 1169 304 unum
1183 267 1227 303 et
1239 257 1328 303 duo
1342 266 1385 302 et
1395 258 1476 303 tria
1487 274 1716 307 numeran-

329 339 401 374 tur
416 365 427 385 ,
454 344 552 374 cum
577 339 777 375 constent
794 346 845 375 ex
867 346 957 375 uno
980 339 1023 374 et
1040 330 1177 375 tribus
1191 365 1202 385 ‚
1221 328 1290 374 vel
1313 328 1378 373 bis
1400 328 1573 375 duobus
1587 367 1598 387 ,
1617 349 1716 393 quae

329 410 623 446 extremorum
638 417 737 446 cum
751 400 911 456 medio,
929 410 972 446 et
983 401 1115 445 medii
1129 416 1229 446 cum
1241 401 1457 458 extremis,
1474 401 1520 446 in
1532 400 1605 445 illa
1619 419 1717 462 quae

328 487 464 531 grance
486 480 636 527 ἀναλογία
662 472 848 527 dieitur,
885 473 1164 532 proportione
1201 472 1424 517 consensio
1466 481 1531 517 est
1557 491 1567 518 ε
1597 475 1719 534 quod

328 553 477 588 utrum
491 542 774 599 intellexeris,
800 543 958 603 pande.
986 547 1038 588 D.
1063 543 1170 588 Satis
1190 542 1404 603 intelligo.

386 618 526 660 XXV.
543 619 603 661 M.
625 619 760 660 Teuta
777 631 878 675 ergo
900 616 946 660 in
963 615 1139 676 reliquis
1161 616 1374 673 numeris,
1399 625 1624 662 utrum-ne
1646 617 1718 661 in·-

328 687 531 733 veniatur
545 687 666 748 quod
688 688 952 749 quaternarii
971 688 1142 732 numeri
1163 689 1390 749 proprium
1404 704 1493 734 esse
1510 688 1715 733 diximus.

328 762 380 803 D.
424 759 611 803 Faciam.
645 761 754 804 Nam
787 759 820 803 si
855 759 1168 805 constituamus
1204 758 1317 816 duo,
1361 760 1464 816 tria,
1500 769 1689 821 quatuor
1703 794 1715 815 ‚

325 839 516 874 extrema
539 828 695 874 collata
713 830 827 874 fiunt
847 845 941 882 sex3
966 830 1050 875 hoc
1073 829 1177 875 facit
1199 840 1242 875 et
1264 829 1460 875 medium
1480 830 1562 876 sibi
1585 830 1720 876 colla-

328 912 422 948 tum
444 918 551 947 :nee
575 911 722 946 tamen
745 918 839 959 sex,
868 901 943 947 sed
963 903 1159 964 quinque
1182 913 1527 964 consequuntur.
1552 907 1719 948 Rursus

327 974 408 1018 tria
427 1009 437 1029 ⁷
458 982 646 1034 quatuor
660 983 703 1018 et
720 974 917 1035 quinque
937 976 1155 1021 constituo
1171 1012 1182 1032 ,
1208 985 1397 1021 extrema
1413 984 1511 1021 octo
1530 975 1716 1030 faciunt,

326 1045 522 1089 medium
545 1060 723 1106 quoque
745 1045 809 1089 bis
831 1045 1014 1091 ductum
1042 1067 1049 1092 ε
1086 1056 1130 1092 at
1151 1048 1265 1092 inter
1288 1048 1486 1109 quinque
1524 1056 1568 1092 et
1590 1056 1688 1091 octo
1705 1081 1716 1102 ‚

327 1132 415 1160 non
429 1117 520 1176 jam
535 1132 675 1160 unum
687 1151 697 1171 ,
718 1115 795 1160 sed
809 1116 935 1174 duos,
954 1119 1170 1163 senarium
1185 1119 1349 1164 scilieet
1365 1127 1408 1162 et
1425 1117 1720 1179 septenarium

325 1201 531 1232 numeros
573 1187 851 1248 interpositos
874 1188 1016 1234 video.
1044 1193 1189 1250 Atque
1211 1189 1284 1234 illa
1305 1190 1473 1234 ratione
1504 1197 1720 1250 quantum

322 1258 600 1319 progredior,
626 1268 749 1304 tanto
771 1260 867 1304 haee
905 1260 1073 1306 faciunt
1094 1260 1322 1306 intervalla
1344 1261 1525 1321 majora.
1552 1263 1613 1305 M.
1641 1260 1720 1303 Vi-

324 1330 407 1375 deo
430 1340 472 1375 te
497 1330 754 1376 intellexisse
771 1367 782 1387 ,
803 1342 847 1377 et
871 1334 1050 1377 omnino
1063 1334 1171 1378 scire
1194 1333 1316 1394 quod
1334 1331 1502 1377 dietum
1526 1341 1589 1376 est
1616 1351 1624 1376 :
1646 1331 1722 1376 sed

316 1402 407 1461 jam
432 1418 487 1446 ne
509 1402 815 1458 immoremur7
841 1404 1148 1448 animadvertis
1171 1413 1287 1448 certe
1310 1404 1365 1447 ab
1389 1419 1480 1448 uno
1504 1419 1643 1463 usque
1665 1400 1722 1447 ad

322 1482 512 1533 quatuor
543 1474 828 1533 justissimam
870 1474 964 1518 fieri
1002 1475 1348 1534 progressionem
1371 1495 1383 1532 3
1423 1474 1510 1519 sive
1542 1482 1721 1534 propter

321 1545 532 1604 imparem
546 1561 595 1589 ae
608 1560 756 1604 parem
771 1560 1021 1600 numerum,
1039 1546 1248 1605 quoniam
1262 1544 1428 1605 primus
1447 1545 1587 1603 impar
1603 1553 1720 1589 totus

272 1676 275 1677 ⁷
321 1615 401 1659 tria
418 1651 428 1671 ,
450 1625 493 1660 et
514 1616 680 1676 primus
708 1629 789 1675 par
825 1624 943 1659 totus
966 1625 1157 1675 quatuor
1172 1651 1182 1671 ⁷
1210 1615 1265 1659 de
1287 1631 1374 1676 qua
1401 1631 1446 1659 re
1463 1613 1597 1675 paulo
1619 1624 1721 1660 ante

321 1696 556 1733 tractatum
575 1696 661 1745 θεῖ·7
695 1688 783 1732 sive
804 1687 910 1748 quia
933 1703 1074 1732 unum
1097 1698 1140 1733 et
1163 1687 1252 1732 duo
1286 1687 1499 1747 principia
1525 1696 1651 1744 sunt,
1677 1696 1721 1731 et

319 1759 444 1820 quasi
466 1759 632 1804 semina
654 1772 962 1814 numerorum,
993 1774 1016 1803 e
1039 1759 1200 1819 quihus
1222 1759 1437 1803 ternarius
1461 1759 1691 1804 conficitur
1705 1793 1717 1814 ‚

319 1839 370 1875 ut
392 1830 479 1875 sint
507 1832 600 1891 jam
621 1839 707 1874 tres
729 1830 924 1885 numeri,
950 1830 1026 1890 qui
1049 1830 1132 1874 sibi
1162 1828 1269 1874 dum
1297 1830 1581 1890 proportione
1609 1846 1719 1875 con-

319 1902 540 1957 feruntur,
566 1901 870 1962 quaternarius
899 1900 1104 1945 elucescit
1123 1909 1166 1944 et
1189 1899 1396 1959 gignitur,
1423 1909 1467 1945 et
1488 1910 1720 1961 propterea

319 1973 490 2033 eisjure
513 1972 820 2033 conjungitur,
846 1981 897 2016 ut
913 1987 1052 2033 usque
1071 1971 1127 2016 ad
1141 1970 1266 2016 illum
1287 1972 1363 2017 fiat
1379 1987 1426 2018 ea
1450 1988 1582 2033 quam
1596 1989 1721 2034 quae-

319 2045 453 2089 rimus
474 2043 702 2089 moderata
724 2044 982 2104 progressio.
1009 2046 1060 2088 D.
1086 2043 1302 2101 Intelligo.

376 2118 540 2160 XXVI.
573 2117 635 2159 M.
663 2117 779 2159 Bene
813 2129 931 2158 sane.
960 2113 1044 2159 Sed
1069 2113 1387 2158 meministi-ne
1411 2114 1589 2159 tandem
1610 2115 1718 2176 quid

318 2186 645 2232 institueramus
680 2185 927 2246 inquirere?
964 2187 1071 2230 Nam
1086 2220 1097 2240 ‚
1137 2193 1189 2229 ut
1225 2184 1402 2245 opinor,
1445 2186 1717 2246 propositum

318 2269 411 2303 erat
425 2294 435 2314 ‚
461 2259 601 2319 siquo
630 2256 763 2302 modo
785 2256 983 2301 invenire
1005 2271 1229 2316 possemus
1245 2291 1255 2311 ,
1284 2271 1384 2301 cum
1409 2257 1454 2300 in
1470 2251 1545 2301 illa
1566 2257 1716 2302 infini-

317 2339 405 2374 tate
431 2343 718 2373 numerorum
742 2327 848 2371 certi
871 2326 1043 2371 articuli
1066 2335 1210 2372 essent
1231 2327 1566 2372 numerantibus
1589 2344 1716 2373 cons-

318 2402 346 2445 ti
356 2411 399 2445 tu
408 2401 452 2455 ti,
473 2400 582 2461 quid
595 2409 706 2445 esset
723 2412 864 2444 Causae
878 2415 957 2444 eur
970 2399 1060 2460 ipse
1074 2400 1238 2460 primus
1255 2398 1462 2444 articulus
1477 2399 1522 2443 in
1535 2398 1714 2444 denario

318 2488 501 2517 numero
521 2481 654 2527 esset,
673 2472 750 2532 qui
771 2487 848 2531 per
869 2486 1018 2516 omnes
1040 2481 1218 2516 caeteros
1245 2470 1362 2515 valet
1382 2470 1642 2531 plurimum,
1668 2469 1713 2514 id

317 2554 401 2601 est,
427 2560 505 2590 cur
542 2544 597 2589 ab
630 2559 719 2590 uno
741 2559 879 2604 usque
909 2543 963 2588 ad
995 2543 1147 2589 decem
1184 2541 1396 2603 progressi
1433 2550 1713 2588 numerantes
