1852 3163
289 115 303 134 Q

255 183 273 220 1
283 181 336 220 62
676 195 708 221 5.
746 197 770 223 A
779 197 978 225 [cusum
1012 198 1195 227 Emscom

250 269 453 304 natorum
467 260 783 305 execrationem
796 297 806 317 ‚
822 263 984 323 quibus
1006 264 1251 310 miseranda
1268 264 1340 310 illa
1353 269 1638 329 contingunt:

249 329 408 376 deinde
434 340 550 377 totus
583 332 781 378 attollere
809 334 855 378 in
877 334 1054 380 laudem
1076 337 1176 397 puri
1205 347 1248 382 et
1270 337 1426 384 sinceri
1462 341 1638 395 amoris,

247 418 335 463 quo
358 403 514 448 animae
536 403 699 450 dotatae
721 405 959 466 disciplinis
981 417 1025 452 et
1046 409 1209 454 virtute
1231 409 1421 456 formose
1434 411 1644 472 copulan-

249 483 317 518 tur
347 473 591 521 intellectui
612 492 689 536 per
710 476 1055 538 philosophiam,
1082 489 1126 525 et
1159 497 1251 527 non
1279 482 1421 528 solum
1454 492 1643 528 mortem

243 544 443 606 fugiunt,
468 548 754 593 verumetiam
767 549 855 594 vita
877 549 1124 596 beatissima
1142 553 1447 613 perfruuntur.
1467 555 1549 600 Hic
1570 553 1644 599 ille

244 618 400 664 tacitus
423 635 471 664 ac
499 617 575 664 diu
595 619 940 666 consideratione
962 631 1144 679 nutans,
1177 633 1344 670 motato
1366 626 1507 691 capite
1543 625 1645 670 abs-

246 699 386 734 cessit.

300 763 441 808 XXV.
477 762 645 809 Deinde
680 779 760 824 ego
797 781 977 828 quoque
1021 767 1212 823 surrexi,
1251 766 1521 830 redditisque
1552 771 1645 814 Deo

242 835 508 896 quotidianis
529 836 662 893 votis,
688 837 751 882 ire
774 854 1047 899 coeperamus
1061 839 1107 883 in
1120 839 1314 886 balneas.
1341 840 1421 886 llle
1444 841 1560 885 enim
1577 840 1646 886 10-

243 923 318 952 0115
341 907 467 952 1101115
481 944 492 964 ‚
514 924 616 953 cum
634 907 748 954 coelo
763 909 874 954 tristi
891 909 938 954 in
956 927 1061 970 agro
1079 927 1169 956 esse
1187 912 1642 973 minimepoteranmS,

242 988 369 1039 aptus
393 978 447 1024 ad
470 979 790 1041 disputandum
813 991 856 1026 et
877 981 1104 1027 familiaris
1139 982 1238 1027 fuit,
1272 985 1387 1028 Cum
1423 1000 1523 1029 ecce
1545 993 1646 1028 ante

241 1049 354 1097 sores
374 1052 641 1098 advertimus
658 1052 794 1113 gallos
818 1053 1072 1114 gallinacios
1087 1055 1289 1100 ineuntes
1304 1072 1500 1116 pugnam
1518 1056 1646 1101 nimis

245 1138 403 1168 acrem.
432 1125 584 1183 Libuit
622 1125 862 1170 attendere.
889 1126 1008 1180 Quid
1039 1127 1155 1172 enim
1191 1143 1282 1172 non
1311 1128 1535 1184 ambiunt,
1559 1143 1648 1189 qua

243 1210 334 1240 non
354 1207 591 1255 peragrant
606 1197 724 1242 oculi
747 1208 971 1244 amantum
985 1234 996 1255 7
1021 1216 1077 1244 ne
1092 1199 1201 1261 quid
1217 1200 1336 1245 unde
1356 1200 1476 1245 unde
1491 1201 1648 1246 innuat

241 1264 526 1328 pulchritudo
554 1265 734 1310 rationis
750 1275 911 1311 cuneta
934 1271 1120 1316 seientia
1143 1281 1187 1317 et
1208 1273 1448 1318 nescientia
1468 1270 1647 1318 modifi-

243 1338 380 1384 cantis
411 1348 454 1383 et
475 1337 761 1398 gubernantis
780 1373 790 1393 ‚
817 1354 917 1400 quae
947 1337 1168 1382 inhiantes
1190 1343 1273 1383 sibi
1295 1353 1527 1385 sectatores
1546 1358 1647 1387 suos

247 1411 378 1456 trahit
398 1426 679 1472 quacumque
701 1419 834 1472 atque
851 1409 1123 1471 ubicumque
1145 1426 1189 1454 se
1211 1410 1351 1472 quaeri
1375 1411 1519 1472 jubet.
1537 1415 1649 1459 Nam

243 1482 363 1528 unde
388 1492 464 1528 aut
485 1483 563 1527 ubi
588 1499 679 1528 non
699 1491 845 1544 potest
866 1482 1040 1542 signum
1058 1481 1191 1527 dare?
1211 1484 1268 1528 Ut
1289 1482 1336 1527 in
1357 1482 1519 1528 eisdem
1546 1484 1648 1545 ipsis

245 1554 367 1615 gallis
383 1565 475 1600 erat
485 1554 635 1601 videre
653 1591 664 1612 ,
681 1555 849 1601 intenta
863 1555 1100 1616 projectius
1112 1554 1253 1616 capita
1266 1591 1276 1611 ,
1294 1555 1468 1601 inflatas
1482 1571 1644 1613 comas,

242 1627 647 1674 vehementesictus
659 1664 670 1685 ,
688 1627 957 1674 cautissimas
972 1627 1249 1684 evitationes,
1269 1627 1373 1673 etin
1387 1628 1508 1673 omni
1522 1637 1648 1674 motu

245 1700 500 1746 animalium
518 1701 696 1747 rationis
720 1701 967 1762 expertium
988 1699 1101 1745 nihil
1122 1716 1214 1746 non
1230 1699 1441 1745 decorum
1454 1736 1464 1756 ,
1481 1700 1648 1762 quippe

245 1771 328 1816 alia
351 1773 517 1818 ratione
549 1773 737 1837 desuper
759 1773 907 1818 omnia
942 1772 1213 1818 moderante.
1249 1776 1476 1818 Postremo
1505 1771 1648 1831 legem

245 1842 384 1903 ipsam
407 1844 601 1899 victoris,
627 1845 867 1904 superbum
886 1854 1102 1903 cantum,
1130 1854 1174 1888 et
1194 1844 1393 1888 membra
1427 1845 1472 1888 in
1506 1859 1648 1888 unum

243 1916 366 1976 quasi
378 1915 530 1960 orbem
548 1916 730 1961 collecta
747 1915 870 1961 velut
883 1915 1100 1961 infastum
1116 1916 1441 1961 dominationis.
1463 1915 1648 1975 Signum

244 1998 390 2033 autem
422 1988 526 2031 victi
546 2023 556 2041 ‚
583 1988 714 2030 eJatas
731 2001 753 2029 a
774 1984 941 2029 cervice
974 1983 1191 2045 pennulas
1218 1993 1261 2028 et
1302 1985 1348 2028 in
1377 2000 1483 2029 voce
1514 1994 1648 2046 atque

241 2068 368 2104 motu
397 2057 594 2102 deforme
625 2066 791 2113 totum,
819 2065 863 2100 et
894 2072 945 2101 00
990 2057 1083 2117 ipso
1110 2065 1281 2101 naturae
1305 2055 1476 2116 legibus
1499 2058 1646 2103 neseio

242 2131 467 2193 quomodo
498 2131 764 2175 concinnum
787 2139 830 2173 et
852 2128 1105 2189 pulchrum.

300 2205 463 2247 XXVI.
490 2201 631 2247 Multa
647 2201 970 2262 quaerebamus.
991 2202 1084 2246 Cur
1101 2200 1161 2245 sic
1175 2214 1351 2256 omnes,
1372 2215 1450 2245 cur
1464 2210 1645 2262 propter

240 2275 585 2320 dominationem
608 2273 652 2317 in
676 2272 894 2333 subjectas
916 2272 998 2317 sibi
1021 2271 1226 2316 foeminas
1240 2306 1251 2327 a
1273 2287 1352 2316 cur
1374 2271 1535 2317 deinde
1566 2289 1645 2318 nos

240 2348 331 2407 ipsa
357 2362 516 2407 pugnse
544 2344 674 2390 facies
711 2343 987 2405 aliquantum
1021 2352 1066 2387 et
1091 2351 1249 2403 praeter
1281 2342 1483 2388 altiorem
1517 2343 1643 2388 istam

241 2418 633 2464 considerationem
655 2416 835 2461 duceret
870 2416 915 2459 in
949 2413 1222 2474 voluptatem
1246 2414 1497 2475 spectaculi.
1524 2414 1642 2468 Quid

243 2491 289 2535 in
310 2490 437 2535 nobis
459 2499 571 2534 esset
598 2487 721 2550 quod
756 2504 779 2532 a
808 2487 1006 2532 sensibus
1035 2495 1201 2531 remota
1227 2485 1369 2531 inulta
1404 2495 1636 2547 quaereret.

244 2561 362 2616 Quid
379 2577 549 2606 rursum
568 2559 687 2621 quod
703 2560 896 2619 ipsorum
905 2572 1110 2603 sensuum
1126 2557 1381 2603 invitatione
1390 2567 1635 2618 caperetur.
