1888 3168
678 175 732 201 DE
765 171 920 201 Mnsch
954 173 1036 201 Lm.
1074 174 1134 200 1v.
1515 161 1599 202 407

203 257 284 287 nee
311 241 456 301 longae
490 239 674 299 syllabae
701 239 949 300 impleatur.
984 241 1051 283 Ita
1077 239 1122 284 in
1149 247 1339 300 utroque
1366 254 1446 300 par
1480 254 1601 286 mora

203 322 289 370 est,
309 330 398 375 qua
421 312 676 373 interposita
694 326 952 356 remeamus.
973 312 1035 356 M.
1055 312 1154 356 Non
1178 311 1311 371 igitur
1333 310 1522 357 absurde
1538 311 1603 358 illi

203 385 406 431 ultimam
433 384 651 443 syllabam
676 384 821 440 metri,
846 398 924 428 seu
945 382 1077 442 longa
1107 397 1185 427 seu
1206 383 1350 428 brevis
1384 383 1461 441 sit,
1492 383 1603 429 nihil

204 456 261 503 ad
277 472 370 502 rem
391 455 611 517 pertinere
631 453 894 501 voluerunt:
915 454 994 500 ubi
1016 453 1134 498 enim
1155 453 1254 498 finis
1276 463 1356 510 est,
1381 453 1603 501 silentium

202 529 418 590 sequitur,
434 535 653 588 quantum
671 526 728 571 ad
749 527 893 587 ipsum
915 534 1105 571 metrum
1120 525 1277 570 attinet
1293 525 1416 587 quod
1432 527 1599 572 finitur.

201 603 272 646 An
304 614 377 645 eos
399 599 444 643 in
463 599 546 643 hac
580 614 709 643 causa
743 598 1050 659 repetitionem
1082 596 1221 642 ullam
1241 597 1312 643 vel
1334 598 1526 644 reditum
1548 598 1604 645 ad

201 680 335 732 caput
354 670 629 716 considerare
647 669 852 715 debuisse
870 670 1102 726 existimas,
1121 685 1170 715 ac
1188 685 1280 715 non
1293 670 1603 717 tantummodo

201 744 305 805 quia
334 743 510 799 finitur,
536 742 662 804 quasi
685 743 891 803 deinceps
924 741 1036 787 nihil
1058 740 1298 787 dicendum
1320 742 1405 787 sit?
1425 746 1476 788 D.
1505 746 1528 788 J
1533 759 1603 789 am

201 816 413 862 assentIOr
441 815 642 860 ultimam
676 815 892 874 syllabam
934 813 1237 860 indifferenter
1269 830 1360 860 esse
1387 816 1605 877 accipien-

201 888 319 933 dam.
340 890 402 933 M.
429 890 580 932 Recte.
605 886 691 932 Sed
712 887 746 932 si
763 887 848 932 hoc
865 895 1044 947 propter
1066 885 1290 932 silentium
1306 887 1372 944 fit,
1393 887 1605 948 quoniam

200 961 261 1004 ita
283 958 582 1004 consideratus
606 967 671 1003 est
702 958 823 1015 finis,
849 958 972 1020 quasi
998 957 1205 1019 deinceps
1238 957 1350 1003 nihil
1382 959 1605 1005 soniturus

200 1032 254 1077 sit
278 1031 356 1093 qui
378 1031 555 1087 finierit,
582 1040 626 1075 et
648 1031 707 1076 ob
730 1032 814 1076 hoc
832 1031 1022 1092 spatium
1048 1031 1254 1091 temporis
1275 1031 1322 1075 in
1344 1030 1435 1092 ipsa
1455 1032 1604 1093 quiete

199 1101 513 1162 largissimum,
538 1100 649 1146 nihil
678 1101 811 1147 distat
837 1118 937 1163 quae
959 1102 1019 1147 ibi
1042 1101 1211 1161 syllaba
1231 1101 1425 1159 locetur,
1454 1119 1604 1149 nonne

197 1173 312 1219 illud
331 1184 395 1220 est
413 1188 705 1236 consequens,
725 1184 776 1219 ut
793 1175 884 1235 ipsa
902 1173 1070 1219 ultimae
1087 1173 1269 1233 syllabae
1285 1172 1600 1232 indifferentia,

198 1262 299 1308 quas
321 1257 503 1308 propter
530 1247 703 1307 largum
726 1248 915 1308 spatium
933 1246 1212 1304 conceditur,
1235 1248 1291 1293 ad
1309 1247 1356 1293 id
1377 1248 1600 1309 proficiat,

197 1327 247 1363 ut
274 1319 362 1364 sive
392 1319 453 1365 ibi
482 1319 626 1364 brevis
650 1319 820 1378 syllaba
848 1319 937 1364 sive
971 1319 1104 1379 longa
1127 1320 1202 1376 sit,
1234 1335 1331 1364 eam
1361 1319 1445 1365 sibi
1478 1335 1602 1365 aures

195 1406 278 1450 pro
295 1390 427 1450 longa
444 1390 702 1435 vindicent?
724 1394 789 1436 D.·
803 1391 943 1436 Video
961 1391 1092 1452 plane
1111 1406 1201 1437 esse
1219 1406 1507 1453 consequens.

196 1526 1597 1548 mmmmmmmmmm⁴mmmmmmmmm

725 1637 852 1688 CAP
862 1640 947 1688 UT
992 1643 1012 1688 I
1024 1643 1041 1688 l
1052 1677 1061 1686 .

204 1771 335 1834 Quot
372 1769 576 1832 syllabis
617 1772 868 1817 minimam
906 1775 1232 1819 constituatur·
1263 1775 1601 1836 pyrrhz'clzz'mn

404 1851 640 1888 metrum:
676 1841 894 1903 quandiu
922 1861 1111 1905 quoque
1132 1845 1386 1892 silendum.

256 1969 315 2012 ΙΙ.
337 1969 398 2012 Μ.
420 1969 640 2013 VmEs-NE
678 1969 811 2014 etiam
845 1968 979 2027 illud,
1010 1985 1112 2015 cum
1145 1969 1332 2017 dicimus
1366 1973 1600 2019 minimum

198 2047 388 2083 metrum
412 2053 502 2083 esse
524 2039 850 2100 pyrrhichium,
878 2049 965 2086 tres
986 2041 1139 2088 breves
1161 2041 1373 2101 syllabas,
1395 2053 1445 2089 ut
1470 2047 1601 2092 unius

197 2111 341 2155 brevis
364 2111 503 2171 spatio
531 2111 734 2168 sileatur,
760 2111 869 2157 dum
898 2113 954 2158 ad
983 2113 1158 2159 initium
1180 2115 1463 2173 revertimur,
1489 2118 1601 2163 nihil

196 2183 401 2227 interesse
422 2192 575 2228 utrum
594 2184 679 2228 hoc
700 2193 909 2240 metrum,
931 2200 987 2229 an
1008 2185 1141 2246 pedes
1160 2197 1403 2248 anapaestos
1426 2199 1600 2250 repeta-

198 2255 329 2298 mus?
362 2257 415 2298 D.
447 2257 545 2299 Jam
579 2255 665 2300 hoc
698 2254 880 2316 quidem
914 2255 1047 2317 paulo
1081 2267 1182 2303 ante
1215 2258 1289 2303 illa
1323 2261 1602 2319 percussione

197 2325 387 2385 percepi,
414 2328 475 2370 M.
504 2329 660 2371 Nonne
683 2343 785 2386 ergo
808 2327 1027 2389 quidquid
1049 2329 1121 2374 hic
1144 2339 1208 2375 est
1232 2330 1488 2390 confusum,
1510 2333 1600 2378 dis-

201 2395 493 2456 tinguendum
509 2398 654 2459 aliqua
668 2399 835 2443 ratione
851 2400 1099 2445 arbitraris?
1115 2404 1166 2445 D.
1184 2403 1377 2448 Omnino
1395 2404 1596 2449 arbitror.

200 2470 261 2512 M.
285 2468 362 2513 Dic
385 2477 535 2512 utrum
558 2469 687 2514 aliam
704 2463 852 2515 videas
868 2486 958 2515 esse
976 2472 1205 2529 rationem,
1232 2490 1331 2534 quae
1353 2474 1431 2519 ista
1450 2474 1602 2520 distin-

202 2548 325 2595 guat,
353 2540 432 2584 nisi
452 2549 501 2584 ut
524 2550 712 2585 metrum
728 2542 1016 2601 pirrhichium
1040 2559 1128 2587 non
1146 2544 1253 2589 illud
1273 2545 1326 2588 sit
1341 2546 1569 2590 minimum
1584 2583 1593 2601 ,
