1888 3168
663 192 716 218 DE
749 188 902 217 MUSICA
939 190 1021 216 Lus.
1060 190 1117 216 11.
1492 178 1578 218 499

186 257 484 318 superioribus
505 256 789 302 delectemur.
815 254 1055 299 Delectatio
1083 255 1246 314 quippe
1267 255 1390 315 quasi
1413 256 1581 312 pondus

187 338 252 374 est
272 329 445 374 animae.
472 326 713 374 Delectatio
734 342 838 386 ergo
866 324 1041 370 ordinat
1073 325 1279 369 animam.
1311 345 1331 367 «
1364 326 1449 370 Ubi
1471 327 1588 372 enim

190 417 211 442 »
247 400 329 445 erit
346 399 574 444 thesaurus
598 407 722 454 tuus,
752 397 811 442 ibi
829 396 910 441 crit
928 405 970 440 et
993 411 1067 440 cor
1086 398 1235 440 tuum¹
1259 415 1266 440 :
1292 414 1311 436 »
1336 396 1420 440 Ubi
1443 396 1589 445 delec-

189 471 295 518 tatio
311 506 322 527 ,
342 471 404 516 ibi
421 471 678 516 thesaurus:
703 469 782 515 ubi
798 478 945 514 autem
960 484 1056 524 cor,
1074 467 1137 512 ibi
1159 467 1388 513 beatitudo
1411 478 1487 514 aut
1503 470 1584 513 mi-

188 543 312 588 seria.
330 544 439 596 Quae
457 556 559 588 vero
572 541 796 603 superiora
812 549 916 586 sunt
927 576 937 596 ,
959 539 1041 584 nisi
1057 537 1130 583 illa
1146 539 1192 582 in
1206 539 1368 600 quibus
1390 555 1558 585 summa
1573 578 1585 597 ,

189 614 467 669 inconcussa,
482 611 856 658 incommutabilis
869 647 879 667 ,
897 620 1059 656 aeterna
1073 619 1221 654 manet
1240 610 1490 671 {equalitasl'
1505 612 1590 658 Ubi

190 684 365 730 nullum
387 694 452 730 est
474 694 647 745 tempus
663 720 674 740 ‚
700 685 802 746 quia
839 682 959 728 nulla
995 681 1266 727 mutabilitas
1284 692 1347 727 est
1365 704 1374 740 3
1395 693 1438 728 et
1471 685 1587 730 unde

190 766 387 816 tempora
411 753 684 801 fabricantur
706 765 751 800 et
770 755 1034 800 ordinantur
1057 763 1100 798 et
1121 752 1432 798 modificantur
1465 764 1593 799 aeter-

191 828 370 874 nitatem
394 827 608 874 imitantia
623 863 634 884 ,
660 826 770 872 dum
796 826 897 872 coeli
920 825 1146 871 conversio
1171 825 1225 870 ad
1247 824 1365 871 idem
1387 826 1524 882 redit,
1552 837 1597 872 et

191 899 386 945 coelestia
408 915 592 960 corpora
619 899 676 944 ad
692 898 809 944 idem
827 907 1029 953 revocat,
1052 898 1295 959 diebusque
1309 907 1352 943 et
1369 899 1593 944 mensibus

190 981 233 1017 et
263 972 387 1017 annis
409 981 453 1017 et
486 971 659 1027 lustris,
688 971 944 1032 caeterisque
976 970 1170 1015 siderum
1193 970 1396 1026 orbibus,
1422 970 1592 1030 legibus

192 1042 454 1104 aequalitatis
478 1052 521 1088 et
540 1043 717 1090 unitatis
733 1052 777 1088 et
800 1041 1086 1088 ordinationis
1109 1042 1399 1102 obtemperat.
1419 1046 1484 1087 Ita
1505 1059 1598 1087 coc-

190 1113 370 1159 lestibus
392 1124 564 1160 terrena
581 1115 800 1176 subjecta,
822 1114 950 1159 orbes
974 1123 1225 1174 temporum
1242 1129 1423 1158 suorum
1442 1130 1595 1159 nume-

193 1201 287 1232 rosa
308 1186 582 1233 successione
604 1186 728 1248 quasi
750 1185 931 1231 carmini
950 1185 1242 1231 universitatis
1264 1185 1492 1230 associant.

254 1259 396 1302 XXX.
429 1260 486 1313 ¹In
523 1257 686 1318 quibus
720 1255 858 1301 multa
896 1256 1024 1299 nobis
1048 1256 1256 1300 videntur
1276 1254 1524 1300 inordinata
1558 1265 1602 1300 et

191 1328 463 1388 perturbata,
476 1330 579 1387 quia
592 1343 745 1372 eorum
761 1325 903 1370 ordini
917 1341 996 1386 pro
1011 1325 1167 1370 nostris
1182 1326 1346 1371 meritis
1359 1327 1516 1371 assueti
1532 1344 1603 1372 su-

191 1413 305 1454 mus,
324 1398 565 1442 nescientes
581 1396 689 1458 quid
703 1396 757 1441 de
769 1397 895 1441 nobis
908 1396 1054 1441 divina
1069 1396 1346 1457 providentia
1362 1398 1603 1458 pulchrum

192 1479 326 1529 gerat.
363 1468 584 1523 Quoniam
614 1469 648 1512 si
685 1468 804 1530 quis,
830 1467 952 1512 verbi
976 1469 1134 1527 gratia,
1160 1467 1207 1512 in
1233 1468 1600 1529 amplissimarum

191 1540 677 1603 pulcherrimarumque
698 1539 860 1586 aedium
883 1556 973 1585 uno
996 1539 1145 1601 aliquo
1184 1539 1347 1600 angulo
1391 1551 1600 1603 tanquam

192 1623 336 1659 statua
372 1613 644 1669 collocetur,
663 1611 1043 1673 pulchritudinem
1079 1611 1195 1658 illius
1226 1612 1405 1658 fabricae
1439 1616 1602 1660 sentire

193 1702 284 1732 non
305 1684 492 1746 poterit3
517 1685 641 1746 cujus
654 1683 805 1744 etipse
826 1699 924 1744 pars
947 1683 1043 1728 erit.
1062 1686 1152 1729 Nec
1173 1684 1363 1729 universi
1387 1686 1602 1731 exercitus

194 1758 393 1804 ordinem
415 1756 537 1801 miles
550 1757 595 1800 in
609 1757 699 1801 acie
716 1755 1023 1802 valetintueri.
1040 1758 1096 1801 Et
1117 1756 1163 1800 in
1185 1755 1385 1817 quolibet
1398 1760 1603 1817 poemate

194 1830 230 1876 si
249 1839 417 1892 quanto
438 1827 578 1890 spatio
600 1826 781 1886 syllabae
796 1837 976 1883 sonant,
994 1837 1117 1873 tanto
1133 1827 1334 1874 viverent
1355 1837 1487 1889 atque
1502 1845 1603 1873 sen-

195 1902 327 1948 tirent
345 1937 356 1957 ,
392 1899 517 1945 nullo
553 1898 687 1945 modo
723 1897 798 1943 illa
834 1898 1126 1944 numerositas
1169 1909 1211 1944 et
1250 1899 1444 1944 contexti
1491 1916 1600 1960 ope-

196 1975 252 2020 ris
270 1970 557 2034 pulchritudo
580 1971 639 2015 eis
661 1970 875 2031 placeret,
894 1986 1029 2032 quam
1049 1980 1185 2016 totam
1204 1972 1448 2032 perspicere
1464 1981 1600 2034 atque

195 2045 438 2107 approbare
461 2060 551 2089 non
571 2053 770 2104 possent,
796 2059 898 2088 cum
920 2043 975 2087 de
999 2043 1100 2103 ipsis
1122 2042 1301 2104 singulis
1324 2054 1598 2104 praetereun-

194 2117 312 2162 tibus
335 2115 546 2161 fabricata
568 2123 678 2158 esset
700 2123 832 2175 atque
854 2113 1062 2174 perfecta.
1091 2117 1156 2159 Ita
1179 2124 1434 2175 peccantem
1451 2116 1598 2160 homi—

196 2205 299 2234 nem
331 2187 550 2234 ordinavit
571 2190 686 2231 Deus
708 2195 907 2245 turpem,
932 2202 1023 2230 non
1059 2186 1262 2246 turpiter.
1291 2187 1445 2247 Turpis
1479 2187 1598 2232 enim

196 2259 336 2306 factus
359 2268 423 2304 est
442 2257 671 2305 voluntate
684 2293 695 2313 ,
713 2257 966 2302 universum
983 2256 1226 2303 amittendo
1248 2257 1370 2319 quod
1392 2258 1470 2303 Dei
1492 2274 1602 2319 prae-

197 2332 333 2393 ceptis
355 2330 662 2390 obtemperans
684 2327 959 2389 possidebat,
985 2337 1029 2374 et
1050 2328 1274 2375 ordinatus
1292 2330 1338 2375 in
1364 2340 1487 2391 parte
1509 2340 1596 2387 est,

198 2403 341 2465 utqui
360 2401 504 2462 legem
527 2417 654 2462 agere
677 2399 840 2456 noluit,
854 2417 886 2446 -a
900 2399 997 2461 lege
1014 2411 1183 2461 agatur.
1210 2402 1440 2464 Quidquid
1454 2412 1601 2448 autem

199 2475 413 2536 legitime,
440 2473 593 2534 utique
609 2474 749 2534 juste;
775 2483 818 2518 ct
841 2472 1057 2534 quidquid
1069 2475 1208 2534 juste,
1228 2491 1318 2522 11011
1336 2476 1488 2536 utique
1505 2485 1600 2520 tur-

250 2571 256 2586 ¹
281 2562 383 2596 Manli
414 2573 466 2602 vi,
492 2571 545 2593 21.

1361 2618 1428 2654 312.
