1852 3163
266 212 346 248 1:36
706 229 738 253 s.
776 226 1005 255 Arct's'rnvr
1042 227 1221 254 Episcopi

265 288 420 330 iiosum
432 324 443 343 ,
461 289 696 349 omniaque
709 291 838 334 animi
855 291 953 334 vitia
967 305 1057 334 uno
1069 290 1262 334 stultitiae
1273 289 1450 333 nomine
1464 286 1645 332 includi.

266 359 408 402 is'rimo
446 369 590 404 autem
631 360 699 404 die
733 361 862 421 liujus
899 360 1202 420 disputationis
1224 370 1380 405 nostrae
1414 357 1653 421 nequitiam

261 429 506 475 dixeramus
528 447 617 475 esse
632 432 686 475 ab
710 448 762 476 eo
784 431 946 476 dictam
961 432 1082 492 quod
1117 446 1197 476 nec
1218 432 1461 493 quidquam
1481 431 1556 486 sit,
1581 428 1652 474 cui

260 503 522 546 contrariam
549 502 843 561 frugalitatem
871 519 894 547 a
922 503 1049 562 fruge
1072 502 1202 547 fuisse
1228 504 1510 548 nominatam.
1537 504 1653 559 Ergo

263 572 309 616 in
330 572 378 616 iis
396 572 568 617 duobus
585 574 824 629 contrariis,
838 574 922 618 11οο
945 583 1010 618 est
1025 573 1272 633 frugalitate
1295 583 1425 635 atque
1442 571 1652 634 nequitia,

260 643 335 688 illa
356 643 445 689 duo
466 644 672 690 videntur
699 647 890 690 eminere
904 681 915 702 ,
941 662 1031 691 esse
1053 655 1096 690 et
1118 662 1209 690 non
1231 661 1336 690 esse.
1361 644 1552 705 Egestati
1575 659 1656 688 au-

264 725 353 760 tem
370 752 381 771 ,
405 716 462 761 de
480 733 568 777 qua
589 718 773 777 quaestio
796 727 880 774 est,
906 718 1014 778 quid
1029 727 1231 778 putamus
1253 732 1343 762 esse
1360 715 1626 761 contrarium
1644 734 1656 760 ε

264 787 346 833 Hic
369 803 470 832 cum
489 786 765 848 aliquantum
783 798 1095 833 cunctarentur
1113 808 1122 834 2
1142 788 1184 833 si
1202 787 1344 832 dicam
1356 823 1367 843 ,
1393 787 1537 848 inquit
1555 788 1662 844 Try-

263 858 427 916 getius,
454 858 647 904 divitias:
672 858 801 903 video
836 859 904 903 his
938 854 1242 920 paupertatem
1270 873 1359 902 esse
1381 856 1656 902 contrariam.

260 932 338 975 Est
361 929 540 991 quidem
554 966 564 985 ,
591 931 796 991 inquam,
818 932 1026 976 vicinum.
1045 934 1153 977 Nam
1176 940 1409 990 paupertas
1432 938 1477 973 et
1497 937 1662 988 egestas

265 1017 402 1045 unum
430 1011 562 1063 atque
585 1003 703 1047 idem
720 1003 857 1062 accipi
877 1002 1035 1047 solent.
1064 1006 1228 1047 Tamen
1250 1000 1371 1046 aliud
1390 1000 1574 1045 verbum
1595 1000 1664 1044 in-

264 1072 531 1117 veniendum
557 1082 641 1127 est,
668 1089 722 1117 ne
739 1073 908 1118 meliori
930 1074 1043 1133 parti
1078 1073 1189 1116 desit
1210 1088 1351 1116 unum
1373 1070 1660 1127 vocabulum,

265 1152 315 1187 ut
338 1158 440 1187 cum
464 1142 537 1187 illa
560 1159 658 1202 pars
681 1144 950 1204 paupertatis
973 1152 1016 1186 et
1032 1142 1233 1201 egestatis
1248 1141 1425 1186 nomine
1443 1140 1661 1197 abundet,

265 1228 315 1258 ex
352 1213 434 1257 hac
457 1222 581 1273 parte
613 1213 756 1258 solum
779 1222 1030 1274 opponatur
1063 1210 1314 1256 divitiarum
1342 1226 1523 1256 nomen.
1548 1210 1668 1257 Nihil

263 1284 384 1331 enim
405 1283 636 1329 absurdius
657 1299 791 1345 quam
814 1293 866 1328 ut
891 1284 961 1330 hic
984 1283 1038 1328 sit
1056 1292 1222 1342 egestas
1243 1281 1470 1338 vocabuli,
1490 1281 1570 1326 ubi
1601 1290 1668 1328 est
1700 1293 1706 1296 ’

266 1356 483 1400 contraria
519 1372 616 1417 pars
654 1356 848 1415 egestati.
875 1354 1112 1400 Plenitudo
1127 1389 1138 1411 ‚
1159 1354 1305 1415 inquit
1344 1352 1589 1411 Licentius,
1630 1354 1669 1402 si

267 1423 356 1474 diei
377 1436 543 1489 potest⁷
568 1426 745 1473 videtur
761 1426 869 1473 mihi
886 1435 1003 1472 recte
1026 1425 1191 1487 opponi
1213 1425 1410 1485 egestati.

741 1650 913 1694 Animi
936 1648 1202 1710 plenitudo.

336 1766 501 1809 XXXI.
539 1768 701 1810 Pomm
718 1802 728 1821 ,
754 1766 959 1827 inquam,
984 1767 1039 1812 de
1057 1769 1191 1815 verbo
1212 1784 1460 1830 quaeremus
1491 1767 1671 1813 fortasse

270 1834 536 1893 diligentius.
563 1839 661 1882 Non
689 1837 805 1881 0111111
826 1838 910 1881 1100
933 1838 1179 1883 curandum
1212 1850 1275 1884 est
1304 1841 1350 1884 in
1388 1838 1670 1902 inquisitione

279 1906 485 1950 veritatis.
522 1908 728 1960 Quamvis
766 1907 881 1951 enim
907 1907 1133 1954 Sallustius
1173 1909 1429 1955 lectissimus
1470 1918 1674 1970 pensator

276 1978 510 2022 verborum
526 2014 536 2034 ‚
559 1979 734 2035 egestati
775 1981 1027 2039 opposuerit
1049 1980 1362 2041 opulentiam¹,
1387 1990 1534 2025 tamen
1556 1979 1672 2024 acci-

276 2050 350 2110 pio
394 2050 518 2093 istam
548 2049 884 2109 plenitudinem.
911 2053 1009 2096 Non
1047 2052 1163 2096 enim
1197 2053 1268 2096 1110
1291 2052 1674 2110 grammaticorum

278 2121 513 2166 formidine
535 2121 853 2177 laborabimus,
874 2132 950 2166 aut
967 2122 1252 2167 metuendum
1269 2132 1402 2166 estne
1424 2122 1479 2166 ab
1502 2122 1560 2166 eis
1577 2138 1674 2166 cas-

280 2193 487 2251 tigemur,
507 2191 629 2252 quod
642 2192 856 2237 incuriose
878 2193 1043 2237 utimur
1055 2193 1197 2237 verbis
1213 2228 1224 2248 ,
1249 2193 1326 2253 qui
1348 2208 1413 2237 res
1436 2208 1533 2237 suas
1546 2192 1674 2237 nobis

277 2264 333 2308 ad
366 2264 582 2308 utendum
614 2264 849 2308 dederunt.
881 2265 964 2308 [bi
997 2280 1100 2308 cuin
1122 2263 1388 2309 arrisissent:
1416 2267 1532 2322 Ergo
1570 2264 1674 2325 quia

278 2346 444 2380 mentes
463 2346 623 2380 vestras
638 2372 648 2391 ,
666 2338 867 2397 inquam,
894 2352 995 2381 cum
1014 2335 1170 2380 intenti
1202 2335 1300 2379 estis
1322 2335 1367 2379 in
1389 2339 1530 2380 Deum
1551 2333 1675 2379 velut

279 2406 481 2467 (lutetiam
512 2407 684 2451 oracula
707 2423 795 2451 non
829 2417 1108 2451 contemnere
1137 2406 1289 2461 statui,
1313 2405 1540 2451 videamus
1562 2404 1672 2465 quid

282 2478 364 2521 sibi
377 2479 481 2523 velit
492 2479 575 2523 11οο
588 2494 747 2523 nomeu
762 2499 769 2523 :
787 2494 887 2524 nam.
902 2477 1074 2525 nullum
1083 2475 1449 2525 accommodatius
1462 2491 1550 2526 esse
1563 2475 1676 2521 arbi·

336 2573 342 2587 ¹
367 2564 629 2597 Ssa¹11*l.lll¹];¹lii.
