1888 3168
299 165 380 206 504
734 175 768 204 s,
804 174 1034 206 ‚mausum
1067 177 1246 205 muscum

295 245 394 289 laba
417 259 497 305 pro
518 243 744 289 voluntate
765 242 1057 305 quorumdam
1083 244 1313 289 hominum
1341 245 1678 304 corripiebatur,

292 326 335 360 ot
367 331 486 361 nunc
520 331 601 377 pro
642 315 827 361 aliorum
858 314 1083 361 voluntate
1121 313 1404 375 producitur?
1437 317 1493 360 Ut
1534 325 1677 361 autem

289 404 431 433 unum
453 397 497 433 ct
518 387 609 434 duo
630 403 721 433 non
736 387 822 432 sint
844 387 925 432 tria
939 421 950 443 ‚
975 395 1019 432 et
1040 395 1090 432 ut
1108 386 1198 432 duo
1216 386 1293 431 uni
1311 402 1401 432 non
1424 385 1560 447 duplo
1588 402 1677 432 res-

289 459 514 520 pondeant
529 496 541 517 ,
564 459 711 505 nullus
729 468 1003 505 mortuorum
1021 458 1166 519 potuit
1179 493 1191 514 ,
1211 457 1359 502 nullus
1378 458 1580 503 vivorum
1599 473 1680 518 po-

289 539 396 587 test,
421 531 568 577 nullus
591 540 864 591 posterorum
881 529 1043 590 poterit
1064 528 1222 574 facere.
1255 532 1306 574 D.
1331 528 1450 575 Nihil
1471 528 1678 574 manifes-

290 604 391 648 tius.
416 606 478 649 M.
505 602 622 657 Quid
635 604 669 648 si
691 617 793 662 ergo
818 602 899 647 isto
928 601 1060 647 modo
1077 617 1172 662 -quo
1190 599 1245 646 de
1262 616 1350 645 uno
1373 610 1416 645 et
1433 600 1487 646 de
1504 600 1679 646 duobus

287 674 555 734 apertissime
569 674 845 735 quaesivimus
861 709 871 729 ,
888 682 1043 718 caetera
1065 672 1210 718 omnia
1224 688 1322 733 qua:
1339 671 1393 716 ad
1407 671 1504 717 illos
1520 687 1679 718 nume-

283 760 357 791 ros
376 747 620 807 pertinent,
647 755 690 790 et
710 745 783 790 ille
804 746 1117 806 interrogetur,
1142 745 1217 806 qui
1246 759 1336 789 non
1363 742 1675 800 obliviscendo,

288 818 368 863 Sed
402 818 503 878 quia
533 833 762 878 nunquam
789 816 970 873 didicit,
1003 816 1229 876 imperitus
1265 824 1328 860 est
1348 850 1359 871 ,
1396 830 1543 860 nonne
1576 830 1679 860 eum

285 905 436 935 censes
458 889 652 934 similiter
665 890 779 934 hanc
794 898 932 933 artem
953 888 1141 948 exceptis
1157 887 1332 946 syllabis
1350 902 1474 947 posse
1491 902 1679 947 cognos-

285 964 415 1007 cere?
438 965 488 1006 D.
515 961 621 1015 Quis
645 960 1016 1006 dubitaveritPM.
1042 962 1141 1014 Quo
1165 959 1296 1017 igitur
1327 974 1372 1003 se
1395 959 1526 1003 etiam
1546 958 1679 1003 istum

286 1042 514 1078 moturum
542 1041 692 1093 putas,
716 1042 767 1077 ut
788 1032 926 1077 menti
947 1033 1038 1092 ejus
1071 1031 1379 1091 imprimantur
1406 1030 1452 1074 hi
1482 1030 1676 1086 numeri,

284 1114 331 1149 et
342 1105 461 1150 illam
475 1104 636 1149 faciant
651 1104 927 1149 affectionem
944 1120 1044 1165 quae
1061 1119 1127 1148 ars
1141 1102 1326 1148 dicitur?
1340 1117 1395 1146 an
1408 1101 1510 1145 huic
1522 1101 1678 1146 saltem

288 1175 361 1219 ille
382 1176 670 1235 interrogator
693 1191 764 1220 cos
782 1175 929 1220 dabit?
946 1178 997 1220 D.
1016 1177 1080 1220 Eo
1098 1174 1230 1219 modo
1254 1173 1384 1217 etiam
1401 1172 1530 1216 istum
1561 1171 1680 1216 arbi—

284 1254 376 1291 tror
393 1247 511 1305 apud
523 1247 805 1307 semetipsum
818 1261 958 1302 agere,
969 1255 1021 1290 ut
1034 1261 1099 1301 ea,
1112 1260 1212 1306 quae
1225 1244 1564 1303 interrogantur,
1578 1257 1680 1289 vera

285 1332 376 1362 csse
398 1316 614 1376 intelligat
630 1326 761 1376 atque
779 1315 1051 1375 respondeat.

348 1391 555 1433 XXXVI.
582 1390 642 1432 M.
674 1391 767 1446 Age
798 1402 916 1431 nunc
945 1385 1013 1430 dic
1036 1386 1143 1430 mihi
1166 1394 1317 1430 utrum
1338 1387 1384 1429 hi
1407 1387 1601 1440 numeri,
1626 1386 1682 1430 de

286 1460 448 1521 quibus
487 1460 544 1504 sic
574 1458 812 1519 quaeritur,
838 1455 1171 1502 commutabiles
1207 1470 1297 1500 esse
1318 1455 1399 1499 tibi
1432 1453 1677 1499 videantur.

287 1535 338 1576 D.
359 1530 490 1575 Nullo
514 1529 661 1574 modo.
688 1532 748 1574 M.
764 1531 881 1587 Ergo
904 1537 1088 1572 aeternos
1111 1541 1201 1571 esse
1224 1541 1313 1570 non
1334 1540 1479 1583 negas.
1502 1528 1553 1570 D.
1586 1528 1680 1570 Imo

285 1602 441 1647 fateor.
462 1604 523 1647 M.
548 1599 666 1654 Quid
688 1608 829 1643 metus
847 1599 919 1643 ille
946 1614 1036 1643 non
1058 1597 1247 1653 suberit,
1273 1612 1328 1641 ne
1357 1596 1502 1658 aliqua
1531 1612 1609 1642 nos
1636 1598 1681 1642 in

287 1675 346 1718 eis
367 1671 642 1733 inaequalitas
659 1669 783 1715 fallat
799 1672 816 1715 Ρ
834 1673 885 1714 D.
910 1668 1029 1715 Nihil
1046 1684 1115 1713 me
1140 1668 1320 1713 omnino
1342 1677 1406 1713 est
1426 1667 1481 1712 de
1498 1668 1681 1713 istorum

287 1745 537 1806 {equalitate
555 1743 763 1788 securius.
789 1745 850 1787 M.
880 1741 1006 1787 Unde
1029 1755 1130 1800 ergo
1153 1740 1421 1785 credendum
1439 1750 1504 1786 est
1525 1740 1682 1785 animae

286 1817 420 1863 tribui
441 1815 563 1876 quod
584 1824 799 1860 aeternum
827 1822 891 1857 est
918 1822 961 1857 et
987 1811 1370 1867 incommutabile,
1397 1812 1479 1856 nisi
1501 1812 1558 1856 ab
1590 1828 1681 1857 uno

286 1898 452 1932 aeterno
482 1896 525 1931 et
555 1883 903 1930 incommutabili
926 1884 1046 1928 Deo?
1072 1885 1123 1927 D.
1150 1885 1249 1928 Non
1270 1881 1397 1926 video
1418 1882 1527 1942 quid
1559 1882 1679 1929 aliud

285 1958 405 2005 credi
427 1966 641 2018 oporteat.
661 1959 722 2001 M.
749 1955 864 2009 Quid
886 1954 1085 2010 tandem,
1106 1952 1218 1997 illud
1234 1968 1381 1997 nonne
1398 1953 1679 1998 manifestum

287 2041 373 2086 est,
394 2046 495 2075 eum
514 2030 590 2090 qui
613 2028 697 2072 alio
710 2028 1004 2085 interrogante
1027 2041 1116 2071 sese
1138 2025 1256 2070 intus
1273 2025 1328 2069 ad
1350 2029 1489 2069 Deum
1507 2034 1676 2082 movet,

286 2112 338 2148 ut
359 2116 513 2147 verum
534 2098 892 2144 incommutabile
913 2097 1150 2156 intelligat,
1178 2096 1260 2140 nisi
1282 2094 1486 2140 eumdem
1508 2105 1680 2140 motum

287 2189 416 2219 suum
453 2173 662 2218 memoria
702 2180 875 2226 teneat,
908 2185 997 2215 non
1029 2183 1153 2229 posse
1186 2167 1241 2211 ad
1268 2168 1531 2212 intuendum
1568 2166 1679 2212 illud

285 2260 438 2291 verum
463 2243 586 2289 nullo
623 2242 885 2288 extrinsecus
914 2239 1178 2287 admonente
1210 2238 1428 2285 revocari?
1456 2241 1508 2284 D.
1534 2238 1677 2284 Mani-

292 2318 448 2362 festum
469 2325 547 2360 cst.
