1888 3168
328 180 410 220 430
770 188 803 216 s.
840 189 1069 218 Accus'rim
1104 189 1285 216 EPISCOPI

325 272 547 318 corporea.
569 255 821 315 Corporalia
844 272 944 315 crgo
968 271 1258 317 quaecumque
1278 254 1380 299 huic
1395 257 1564 315 corpori
1582 257 1707 315 inge-

327 336 484 372 runtur
506 335 582 371 aut
606 326 870 387 objiciuntur
894 327 1186 381 extrinsecus,
1215 340 1305 369 non
1326 324 1372 367 in
1389 323 1552 380 anima,
1576 326 1711 369 sedin

326 399 419 458 ipso
441 413 622 457 corpore
644 395 810 458 aliquid
832 396 1021 452 faciunt,
1049 396 1170 457 quod
1198 395 1318 455 operi
1346 395 1436 455 ejus
1459 404 1534 438 aut
1555 395 1711 440 adver-

327 479 470 525 setur,
505 479 581 514 aut
602 478 828 527 congruat.
868 467 1061 528 Ideoque
1094 482 1195 512 cum
1217 467 1418 511 renititur
1440 465 1710 521 adversanti,

328 551 371 586 et
404 541 626 585 materiam
649 540 730 584 sibi
754 539 997 599 subjectam
1020 539 1065 582 111
1092 538 1232 599 operis
1260 539 1344 583 suis
1370 539 1460 583 vias
1480 537 1716 582 difficulter

328 612 555 672 impingit,
580 613 630 656 fit
652 611 858 655 attentior
881 628 931 655 cx
973 610 1232 655 difficultate
1264 611 1310 654 in
1333 611 1576 668 actionem3
1617 626 1716 671 qua:

329 683 563 728 difficultas
600 692 778 743 propter
801 682 1088 727 attentionem
1119 697 1220 726 cum
1242 697 1337 725 eam
1360 697 1448 726 non
1469 680 1596 736 latet,
1620 696 1718 725 sen-

330 754 410 798 tire
433 753 591 799 dicitur
608 790 618 809 ,
645 763 689 798 et
710 753 792 798 hoc
814 763 994 797 vocatur
1016 751 1141 797 dolor
1164 761 1240 797 aut
1266 751 1403 796 labor.
1432 754 1545 797 Cum
1573 760 1718 796 autem

330 825 534 884 congruit
555 823 677 885 quod
698 824 885 868 infertur
901 860 912 879 ‚
938 833 1014 869 aut
1037 823 1206 883 adjacet
1221 859 1232 879 ‚
1262 822 1388 868 facile
1410 832 1552 868 totum
1584 822 1628 867 id
1651 821 1741 867 vel'

332 912 382 940 ex
404 912 455 941 eo
469 904 686 956 quantum
704 911 812 955 opus
836 904 898 939 est
914 931 924 950 ‚
950 895 994 938 in
1018 895 1084 939 sui
1097 895 1235 955 operis
1252 894 1406 939 itinera
1424 892 1627 939 traducit.
1644 896 1723 938 Est

332 968 411 1012 ista
433 968 527 1028 ejus
551 967 664 1011 actio
686 983 772 1027 qua
804 982 933 1011 suum
971 982 1129 1026 corpus
1157 966 1433 1012 convenienti
1459 965 1723 1010 extrinsecus

332 1039 503 1099 corpori
526 1037 747 1099 adjungit,
774 1037 985 1099 quoniam
1006 1048 1184 1098 propter
1206 1037 1415 1099 quiddam
1437 1036 1724 1082 adventitium

334 1110 540 1154 attentius
575 1110 743 1169 agitur,
777 1125 867 1154 non
892 1109 1024 1167 latet3
1051 1109 1126 1154 sed
1148 1118 1325 1170 propter
1346 1108 1693 1154 convenientiam
1711 1142 1722 1161 ‚

333 1196 435 1224 cum
466 1179 692 1240 voluptate
728 1180 928 1225 sentitur.
971 1184 1029 1225 At
1058 1196 1159 1225 cum
1181 1179 1339 1224 desunt
1361 1196 1409 1224 ea
1433 1179 1592 1241 quibus
1631 1194 1728 1223 cor-

334 1252 449 1311 poris
473 1251 736 1295 dctrimenta
759 1251 925 1295 reficiat
936 1287 949 1307 ,
975 1261 1138 1310 egestas
1161 1252 1468 1311 consequitur3
1493 1259 1537 1294 et
1557 1251 1639 1294 hac
1661 1266 1730 1294 ac-

337 1322 464 1367 tionis
487 1321 746 1367 dissicultate
769 1337 871 1366 cum
891 1322 941 1365 fit
958 1323 1187 1376 attentior,
1213 1331 1257 1366 et
1287 1321 1383 1365 talis
1405 1322 1496 1382 ejus
1535 1320 1730 1381 operatio

336 1411 426 1439 non
444 1410 539 1438 eam
562 1393 684 1449 latet,
706 1393 840 1439 sames
863 1404 939 1439 aut
960 1395 1066 1450 sitis„
1088 1404 1163 1438 aut
1186 1394 1270 1438 tale
1288 1393 1455 1454 aliquid
1469 1393 1726 1453 appellatur.

336 1467 449 1509 Cum
466 1473 613 1508 autem
635 1475 868 1523 supersunt
884 1466 1066 1524 ingesta,
1086 1475 1127 1509 ct
1150 1480 1199 1508 ex
1222 1480 1373 1509 eorum
1396 1479 1526 1508 onere
1542 1464 1733 1508 nascitur

336 1533 570 1579 difficultas
594 1533 819 1593 operandi,
842 1551 986 1594 neque
1002 1536 1086 1578 hoc
1101 1536 1192 1578 sine
1208 1535 1446 1579 attentione
1462 1536 1511 1584 fit.
1529 1569 1539 1588 ‚
1573 1543 1616 1577 et
1633 1549 1733 1578 cum

337 1604 432 1650 talis
446 1605 557 1649 actio
580 1620 671 1648 non
692 1604 814 1659 latet,
834 1603 1025 1648 cruditas
1048 1604 1232 1648 sentitur
1263 1623 1271 1648 :
1297 1613 1461 1648 attente
1481 1603 1611 1648 etiam
1629 1620 1735 1664 ope-

338 1685 457 1720 ratur
471 1690 571 1720 cum
596 1674 710 1734 ejicit
730 1675 1020 1734 superfluum3
1045 1674 1078 1719 si
1100 1673 1271 1729 leniter⁷
1297 1690 1399 1719 cum
1420 1674 1675 1735 voluptate3
1701 1675 1736 1719 si

338 1762 509 1807 aspere,
535 1761 636 1791 cum
665 1744 830 1790 dolore.
864 1745 1113 1790 Morbidam
1144 1762 1321 1807 quoque
1359 1746 1735 1806 perturbationem

335 1818 529 1877 corporis
561 1826 730 1861 attente
759 1817 873 1876 agit,
908 1832 1160 1862 succurrere
1182 1827 1391 1878 appetens
1419 1817 1585 1862 labenti
1607 1826 1736 1878 atquc

340 1889 585 1947 dissluenti3
610 1898 654 1933 et
674 1891 755 1933 hac
780 1889 951 1934 actione
973 1905 1063 1934 non
1095 1889 1257 1934 latente
1283 1890 1461 1935 morbos
1483 1899 1527 1934 et
1552 1898 1737 1948 {egrota-

343 1962 479 2006 tiones
503 1961 661 2005 sentire
684 1960 860 2003 dicitur.

399 2034 454 2075 X.
473 2034 596 2076 Etne
618 2030 797 2089 longum
812 2030 986 2086 faciam,
1007 2031 1180 2075 videtur
1196 2031 1304 2076 mihi
1323 2032 1465 2077 anima
1486 2047 1587 2076 cum
1609 2032 1740 2076 sentit

342 2104 385 2148 in
407 2118 605 2162 corpore,
624 2118 713 2146 non
736 2102 790 2146 ab
808 2100 883 2146 1110
897 2100 1062 2162 aliquid
1080 2103 1186 2162 pati,
1203 2103 1278 2148 sed
1299 2103 1343 2147 in
1358 2104 1449 2163 ejus
1467 2103 1740 2163 passionibus

343 2175 548 2219 attentius
577 2189 730 2233 agere,
760 2183 803 2218 ct
837 2175 913 2218 has
937 2173 1126 2219 actiones
1152 2175 1240 2219 sive
1262 2173 1408 2219 faciles
1431 2185 1611 2234 propter
1631 2191 1739 2219 con-

342 2245 629 2299 venientiam,
658 2244 744 2289 sive
767 2243 965 2288 difficiles
993 2254 1171 2305 propter
1198 2245 1598 2290 inconvenientiam
1614 2281 1624 2301 ‚
1650 2261 1740 2290 non

344 2333 438 2362 eam
459 2316 594 2360 latere
621 2336 629 2361 :
649 2325 692 2360 ct
712 2316 793 2360 hoc
806 2325 948 2360 totum
967 2325 1030 2360 est
1052 2315 1171 2377 quod
1190 2317 1347 2360 sentire
1362 2315 1535 2361 dicitur.
1560 2317 1644 2361 Sed
1661 2318 1740 2361 iste

344 2404 506 2442 sensus,
533 2388 604 2448 qui
622 2386 868 2431 etiamdum
893 2386 1001 2431 1111111
1023 2387 1246 2441 sentimus,
1268 2387 1379 2431 inest
1395 2396 1556 2442 tamen,
1576 2389 1740 2432 instru-

344 2469 542 2503 mentum
582 2468 645 2503 est
675 2458 888 2517 corporis,
935 2457 1056 2517 quod
1088 2474 1135 2502 ca
1174 2458 1496 2517 temperatione,
1520 2459 1662 2518 agitur
1685 2460 1739 2503 ab

345 2531 502 2585 anima,
530 2539 578 2573 ut
600 2530 644 2573 in
667 2546 718 2586 00
741 2529 795 2573 sit
819 2529 872 2573 ad
901 2529 1121 2587 passiones
1146 2530 1336 2589 corporis
1367 2545 1469 2574 cum
1501 2530 1742 2575 attentione
