1888 3168
648 171 703 198 DE
736 166 893 197 MUS1CA
927 169 1010 196 LIB.
1048 170 1108 196 1v.
1493 156 1577 196 425

181 240 242 285 tio
265 258 273 285 :
295 254 396 285 cum
414 237 586 284 silentio
599 245 748 282 autem
770 235 906 296 quina
927 249 1029 279 cum
1046 251 1135 281 una
1156 235 1302 294 longa,
1326 235 1461 297 quina
1478 251 1579 280 cum

182 310 378 372 spondeo
395 347 405 367 ,
438 309 574 371 quina
606 323 709 353 cum
741 315 977 366 anapaesto.
1006 308 1110 351 Haec
1133 307 1334 352 addimus
1357 306 1412 352 ad
1439 307 1580 367 maj0-

183 398 276 428 rem
298 396 512 428 summam
529 415 541 437 ‚
571 388 614 425 et
652 378 867 424 habemus
904 386 1042 423 metra
1065 378 1212 423 onmia
1235 378 1424 424 ducenta
1446 379 1581 440 quin-

183 455 411 516 quaginta.

242 529 340 571 XV.
373 524 587 571 Molossus
606 533 650 570 et
670 523 817 570 caeteri
839 538 913 569 sex
929 532 1179 583 temporum
1201 523 1357 583 pedes,
1383 522 1460 585 qui
1482 539 1582 568 cum

183 596 260 644 illo
294 595 425 643 simul
452 605 619 657 septem
653 596 795 652 fiunt,
827 603 1041 656 quaterna
1076 603 1226 639 creant
1261 594 1420 655 integri
1447 614 1456 640 :
1483 610 1585 640 cum

184 668 356 714 silentio
373 677 522 713 autem
540 667 750 730 quoniam
773 676 817 712 et
835 682 924 712 una
945 665 1076 726 longa
1100 675 1198 727 post
1219 681 1586 728 unumquemque

185 756 338 786 eorum
354 740 489 787 locari
510 749 679 802 potest,
704 749 748 785 et
764 738 957 795 iambus,
979 748 1022 784 et
1044 738 1264 799 spondeus
1284 774 1295 795 ,
1321 748 1366 784 et
1390 754 1587 800 anapaes—

185 822 287 869 tus,
314 821 358 857 et
376 813 610 869 bacchius,
647 821 691 857 et
711 811 923 867 creticus,
962 826 1093 872 paeon
1128 820 1335 872 quartus,
1360 810 1513 856 vicena
1545 819 1589 854 et

186 893 345 930 octona
366 883 615 945 complent,
641 899 743 944 quas
765 881 893 927 simul
917 883 1032 927 fiunt
1050 892 1228 928 centum
1242 882 1480 942 nonaginta
1498 897 1585 937 sex,

185 973 287 1018 quae
321 956 454 1002 ducta
483 971 585 1001 cum
619 955 704 1001 illis
724 954 948 1017 quaternis
981 953 1172 998 ducenta
1207 953 1364 1014 viginti
1398 962 1591 1014 quatuor

186 1028 501 1090 complentur:
533 1026 610 1073 sed
630 1028 734 1073 hinc
768 1036 868 1073 octo
900 1025 1150 1072 deducendi
1188 1035 1315 1082 sunt,
1353 1026 1457 1087 quia
1493 1035 1592 1086 post

186 1100 434 1146 dichorium
455 1100 644 1157 iambus,
663 1109 707 1145 et
727 1109 827 1160 post
849 1099 1138 1161 antispastum
1153 1097 1374 1161 spondeus
1396 1098 1510 1144 male
1524 1113 1592 1143 or-

187 1172 411 1217 dinantur.
435 1170 624 1233 Reliqua
645 1180 749 1216 sunt
766 1170 957 1216 ducenta
974 1170 1162 1216 sedecim
1180 1206 1191 1227 ,
1213 1186 1312 1232 quae
1331 1168 1480 1214 addita
1498 1185 1593 1214 ma-

181 1243 269 1304 jori
291 1258 499 1299 summae,
520 1241 689 1288 faciunt
705 1252 844 1288 metra
865 1242 1011 1288 omnia
1029 1241 1351 1303 quadringenta
1373 1241 1593 1300 sexaginta

186 1330 275 1360 sex.
302 1314 663 1360 Proceleumatici
686 1315 795 1359 ratio
818 1313 970 1358 haberi
995 1330 1082 1359 non
1105 1314 1251 1375 potuit
1287 1330 1390 1359 cum
1426 1314 1493 1358 his
1515 1329 1594 1374 pc-

187 1385 317 1430 dibus
339 1385 501 1446 quibus
530 1385 757 1445 congruit,
783 1395 964 1446 propter
986 1385 1229 1447 semipedes
1251 1386 1327 1447 qui
1349 1394 1449 1447 post
1472 1386 1594 1430 hunc

187 1458 336 1519 plures
364 1466 609 1518 ponuntur.
641 1460 753 1503 Nam
791 1466 834 1502 et
872 1472 959 1502 una
995 1457 1164 1517 syllaba
1190 1458 1323 1518 longa
1360 1467 1460 1519 post
1492 1473 1595 1503 eum

187 1530 294 1591 poni
318 1538 462 1590 potest
478 1544 581 1574 cum
603 1528 792 1584 silentio,
809 1529 922 1574 sicut
942 1538 1042 1590 post
1059 1528 1287 1589 dactylum
1310 1539 1355 1574 et
1376 1531 1469 1591 ejus
1486 1545 1596 1575 con-

188 1610 325 1648 sortes
357 1610 408 1645 ut
442 1600 532 1645 duo
547 1636 557 1656 ,
581 1609 625 1645 et
647 1609 733 1645 tres
755 1601 909 1645 breves
942 1609 992 1646 ut
1026 1617 1168 1645 unum
1192 1610 1365 1661 tempus
1387 1600 1593 1659 sileatur,

189 1687 279 1733 quo
301 1671 491 1716 efficitur
510 1680 562 1716 ut
583 1670 740 1715 ultima
761 1670 904 1716 brevis
925 1686 1006 1732 pro
1036 1671 1167 1731 longa
1194 1672 1448 1732 accipiatur.
1485 1673 1597 1732 Epi-

190 1742 282 1788 triti
304 1751 444 1787 metra
467 1742 656 1802 gignunt
672 1751 796 1786 terna
813 1742 989 1802 integri,
1014 1742 1251 1803 incipiente
1271 1752 1412 1787 metro
1436 1759 1459 1788 a
1481 1742 1597 1788 duo-

191 1815 272 1859 bus
302 1812 514 1875 pedibus,
553 1813 837 1873 perveniente
876 1812 931 1857 ad
958 1823 1149 1874 quatuor
1180 1834 1189 1859 :
1236 1814 1271 1858 si
1308 1814 1426 1858 enim
1463 1813 1598 1859 addas

191 1886 399 1948 quintum
415 1921 426 1942 ‚
447 1885 629 1945 triginta
645 1884 735 1930 duo
758 1894 972 1945 tempora,
998 1884 1120 1947 quod
1138 1901 1229 1930 non
1252 1895 1447 1946 oportet,
1471 1901 1598 1931 exce-

192 1957 283 2002 des.
310 1959 424 2003 Cum
443 1955 616 2001 silentio
638 1971 743 2001 vero
764 1956 932 2017 primus
950 1965 993 2001 et
1012 1956 1231 2003 secundus
1249 1957 1451 2017 epitritus
1475 1966 1598 2003 terna

191 2037 292 2089 post
327 2027 473 2074 locato
504 2027 679 2083 iambo,
706 2037 830 2072 terna
864 2027 1050 2073 bacchio
1067 2064 1077 2084 ,
1116 2038 1239 2073 terna
1261 2029 1449 2084 cretico,
1476 2038 1599 2074 terna

192 2115 348 2160 paeone
370 2109 557 2161 quarto,
583 2115 683 2160 quae
718 2099 834 2143 fiunt
855 2114 959 2143 cum
980 2098 1065 2144 illis
1088 2100 1221 2145 ternis
1250 2117 1350 2162 quae
1383 2109 1487 2146 sunt
1508 2100 1600 2145 sine

194 2172 390 2228 silentio,
417 2172 611 2231 triginta.
632 2170 802 2215 Tertius
824 2186 928 2216 vero
948 2181 992 2216 et
1009 2181 1192 2233 quartus
1209 2172 1372 2233 epitriti
1396 2182 1481 2217 tres
1499 2182 1601 2217 ante

196 2243 418 2288 silentium
432 2243 634 2303 gignunt,
657 2258 759 2288 cum
781 2242 978 2303 spondeo
996 2252 1137 2299 terna,
1163 2252 1208 2288 et
1224 2253 1348 2288 terna
1367 2260 1469 2288 cum
1493 2260 1601 2289 ana-

195 2324 358 2376 paesto,
398 2324 521 2359 terna
550 2330 652 2359 cum
689 2314 900 2370 molosso,
941 2323 1065 2361 terna
1100 2331 1202 2360 cum
1228 2316 1372 2361 ionico
1400 2316 1568 2361 minore
1587 2352 1598 2372 ,

198 2395 320 2431 terna
343 2401 446 2430 cum
467 2385 748 2442 choriambo,
774 2401 873 2447 quae
896 2386 1009 2431 fiunt
1044 2386 1174 2431 simul
1196 2403 1298 2432 cum
1321 2386 1406 2432 illis
1435 2387 1571 2432 ternis
1587 2423 1598 2442 ,

198 2473 299 2518 quae
340 2456 431 2501 sine
468 2455 640 2502 silentio
669 2450 941 2516 genuerunt,
966 2457 1144 2517 triginta
1167 2468 1211 2503 et
1249 2474 1336 2503 sex.
1366 2461 1483 2518 Ergo
1507 2459 1600 2519 epi-

200 2528 290 2572 triti
324 2543 475 2574 omnes
507 2528 728 2587 sexaginta
757 2537 799 2574 et
833 2544 905 2573 sex
936 2538 1072 2574 metra
1108 2530 1283 2588 pariunt
1318 2550 1326 2575 ε
1359 2546 1460 2590 quae
1498 2545 1598 2574 cum
