1888 3168
290 231 372 269 :146
721 246 752 269 s.
791 243 1019 271 arcessiat
1056 247 1239 273 nriscori

287 390 419 406 taurus&-
425 391 490 406 vaſsu
495 391 562 406 8.Ἃὶ
567 391 633 407 ww}
638 392 704 407 ww}
711 392 775 408 ww&
783 393 848 408 m}
853 394 919 410 νυνὶ
925 395 990 410 bth
995 394 1062 410 ᾺἋ
1067 395 1132 410 NVK}
1138 395 1629 414 ummwvnmvtmtumwtkuavws
1635 399 1678 414 W

779 520 814 565 C
825 517 944 566 ΜΨ
955 519 995 564 Τ
1034 520 1061 566 ‘v
1080 521 1178 567 111.

273 662 332 711 Ν
330 679 398 724 on¹
401 663 595 724 flustra
624 664 727 711 lzoec
751 663 1007 725 disputari.
1029 667 1160 713 Item
1182 670 1333 732 Signis
1355 669 1534 716 auditis
1559 673 1670 716 ani-

333 751 464 780 mum
491 746 541 781 ut
568 737 889 798 interroganti
911 738 1264 798 respondeatur
1294 740 1366 786 ad
1388 758 1464 787 res
1484 743 1669 806 signfi-

332 818 474 855 catas
496 825 599 855 esse
621 808 945 872 referendum.

334 947 455 989 XXI.
491 948 605 991 AUG.
645 946 753 991 Satis
792 955 843 990 tu
882 945 1063 1007 quidem
1107 948 1360 993 memoriter
1393 949 1540 994 omnia
1571 965 1672 1011 quae

271 1015 428 1061 vellem
446 1016 680 1073 recoluisti,
706 1027 749 1061 et
777 1026 826 1061 ut
845 1018 926 1061 tibi
954 1017 1113 1074 fatear,
1135 1018 1276 1064 multo
1299 1019 1544 1066 evidentius
1564 1021 1672 1065 mihi

272 1105 393 1133 nunc
409 1088 615 1134 videntur
631 1089 711 1133 ista
733 1088 953 1145 distincta,
978 1105 1113 1151 quam
1144 1106 1246 1134 eum
1269 1106 1318 1136 ea
1335 1090 1600 1152 inquirendo
1623 1108 1672 1137 30

273 1158 525 1205 disserendo
543 1160 598 1205 de
616 1160 760 1205 nescio
778 1160 940 1221 quibus
957 1159 1135 1205 latebris
1151 1161 1281 1206 ambo
1300 1177 1564 1207 erueremus.
1587 1162 1673 1208 Sed

270 1247 466 1290 quonam
490 1232 618 1276 tantis
647 1231 906 1291 ambagibus
933 1241 1083 1276 tecum
1106 1233 1333 1291 pervenire
1354 1232 1526 1290 moliar,
1551 1233 1671 1278 diffi—

227 1335 234 1341 ›.
269 1302 351 1346 0110
373 1302 494 1347 dictu
517 1312 581 1348 est
602 1304 686 1348 1100
710 1302 824 1348 1000.
853 1306 920 1347 Tu
948 1303 1067 1347 enim
1090 1302 1272 1348 fortasse
1296 1314 1372 1349 aut
1392 1304 1546 1349 ludere
1566 1320 1667 1361 nos,

269 1383 313 1418 et
336 1391 359 1419 a
382 1374 499 1419 scriis
521 1374 650 1419 rebus
672 1390 853 1419 avocare
875 1375 1096 1431 animum,
1123 1375 1246 1436 quasi
1269 1375 1536 1436 quibusdam
1556 1391 1670 1436 pue-

264 1445 418 1491 rilibus
441 1445 786 1507 quaesffiumuhs,
815 1446 1060 1502 arbitraris,
1087 1456 1162 1491 aut
1191 1463 1373 1506 parvam
1404 1447 1474 1492 vel
1496 1446 1669 1493 medio-

266 1532 386 1561 crem
414 1516 607 1578 aliquam
634 1516 868 1562 utilitatem
892 1518 1131 1577 requirere,
1154 1526 1230 1561 aut
1251 1518 1284 1561 si
1306 1532 1513 1575 magnum
1536 1516 1669 1578 quid-

266 1588 370 1633 dam
391 1589 606 1649 parturire
626 1589 755 1632 istam
777 1588 1119 1648 disputationem
1136 1589 1383 1648 suspicaris7
1400 1589 1669 1649 jamjamque

264 1659 312 1704 id
333 1660 461 1716 scire,
485 1660 574 1705 sive
601 1658 753 1704 saltem
787 1659 937 1703 audire
959 1658 1197 1703 desideras.
1223 1662 1318 1719 Ego
1341 1668 1488 1704 autem
1517 1658 1669 1705 credas

265 1730 420 1787 velim,
446 1746 590 1792 neque
623 1746 693 1775 me
722 1729 825 1775 vilia
858 1728 1028 1774 ludicra
1067 1731 1151 1775 hoc
1181 1730 1416 1775 instituisse
1444 1745 1665 1788 sermone,

265 1803 463 1863 quamvis
486 1802 666 1847 fortasse
694 1801 922 1857 ludamus,
951 1800 1086 1862 idque
1109 1801 1253 1862 ipsum
1275 1811 1424 1846 tamen
1444 1818 1536 1847 non
1556 1818 1668 1863 pue-

264 1874 333 1919 rili
351 1890 480 1919 sensu
501 1872 807 1918 aestimandum
825 1873 903 1931 sit3
928 1888 1073 1934 neque
1103 1889 1237 1933 parva
1260 1873 1377 1918 bona
1397 1872 1470 1918 vel
1493 1872 1666 1918 medio-

266 1947 353 1991 cria
385 1947 587 2005 cogitare.
625 1949 683 1990 Et
714 1955 861 1990 tamen
894 1945 927 1989 si
962 1945 1109 1990 dicam
1139 1945 1277 1990 vitam
1306 1961 1396 1989 esse
1429 1944 1667 2006 quamdam

265 2019 462 2075 beatam,
489 2019 774 2078 eamdemque
793 2017 1118 2077 sempiternam,
1146 2034 1235 2078 quo
1259 2033 1336 2062 nos
1354 2020 1445 2061 Deo
1467 2017 1595 2073 duce,
1619 2018 1666 2064 id

267 2104 352 2147 est,
384 2092 476 2151 ipsa
506 2091 702 2144 veritate,
741 2089 948 2149 gradibus
986 2089 1253 2150 quibusdam
1291 2089 1464 2133 infirmo
1499 2089 1664 2148 gressui

266 2173 416 2210 nostro
438 2161 772 2208 accommodatis
792 2161 972 2222 perduci
994 2161 1166 2222 cupiam
1181 2197 1191 2217 ,
1212 2176 1365 2207 vereor
1380 2175 1436 2204 ne
1454 2159 1665 2205 ridiculus

265 2235 430 2292 videar,
460 2235 537 2296 qui
571 2250 662 2279 non
691 2250 837 2278 rerum
867 2233 1060 2294 ipsarum
1097 2249 1197 2293 quae
1231 2231 1554 2291 significantur,
1586 2229 1664 2276 sed

264 2307 609 2354 consideratione
632 2307 857 2366 signorum
884 2314 1052 2349 tantam
1082 2304 1198 2349 viam
1230 2301 1399 2361 ingredi
1433 2303 1657 2362 coeperim.

263 2380 394 2426 Dabis
411 2380 542 2437 igitur
565 2378 737 2423 veniam
760 2378 794 2422 si
808 2375 1006 2437 praeludo
1028 2385 1179 2420 tecum
1196 2389 1286 2419 non
1299 2372 1483 2417 ludendi
1503 2374 1657 2432 gratia,

261 2452 339 2498 sed
360 2450 588 2497 exercendi
604 2451 715 2496 vires
730 2459 774 2494 et
794 2449 950 2493 mentis
968 2448 1118 2503 aciem,
1137 2446 1301 2507 quibus
1320 2444 1509 2504 regionis
1523 2443 1656 2500 illius,

264 2525 342 2569 ubi
362 2524 488 2569 beata
507 2523 596 2568 vita
619 2530 698 2578 est,
715 2520 904 2566 calorem
927 2536 976 2564 30
997 2518 1143 2563 lucem
1161 2533 1250 2562 non
1272 2516 1405 2562 modo
1426 2515 1654 2570 sustinere,

265 2595 550 2642 verumetiam
567 2609 710 2640 amare
727 2593 950 2653 possimus.
982 2594 1062 2638 An.
1082 2594 1215 2649 Perge
1232 2589 1378 2649 potius
1393 2597 1442 2634 ut
1456 2587 1651 2648 coepisti:
