1852 3163
255 180 331 219 2173
684 191 715 217 5.
754 191 984 220 Aiets'rim
1020 194 1199 220 eviscovi

245 259 355 302 citus
372 292 382 311 ,
409 256 498 300 sive
520 271 620 300 cum
651 257 902 302 hominibus
924 258 1108 319 loquens
1136 278 1145 303 2
1166 256 1241 301 sed
1263 256 1336 301 illc
1374 273 1520 302 servus
1547 259 1635 318 jam

241 329 355 373 hene
368 328 594 373 institutus
609 327 840 387 diligenter
854 344 1010 385 servat,
1026 329 1148 391 quod
1164 326 1385 374 interdum
1398 328 1638 389 disputanti

239 399 420 445 domino
443 409 668 459 suggerat,
691 409 733 444 et
757 401 795 444 ei
820 410 1029 462 tanquam
1053 401 1295 462 justissimo
1318 410 1491 460 gratum
1509 400 1638 444 faciat

239 471 434 517 osticium
452 487 579 515 suum
593 507 603 526 ‚
629 471 710 516 sub
726 473 847 531 cujus
868 488 912 516 sc
926 470 1047 517 videt
1062 481 1276 531 potestate
1294 472 1454 516 vivere.
1474 474 1532 516 Et
1553 471 1637 516 1106

235 541 341 588 facit
363 559 452 588 non
471 543 595 603 quasi
618 541 936 598 i·atiocinando‚
959 543 1035 587 sed
1052 558 1221 587 summa
1233 543 1307 587 illa
1324 542 1419 601 lege
1440 557 1639 587 summo-

239 630 326 675 que
349 614 503 659 ordine
536 614 862 674 praescribente.
903 612 1046 670 Nihil,
1093 614 1299 674 inquam,
1340 630 1459 659 nunc
1488 614 1638 658 resisto

240 686 482 731 rationibus
505 687 613 741 tuis,
659 695 709 730 ut
748 685 869 747 quod
899 686 1166 745 suscepimus
1198 685 1341 746 potius
1384 694 1634 745 peragatur.

238 759 300 802 De
322 757 404 802 isto
426 773 529 802 vero
564 757 797 817 diligenter
827 756 1202 818 quemadmodum
1228 772 1317 801 sese
1337 756 1527 819 habeat(
1547 772 1638 811 non

240 828 358 872 enim
380 845 512 889 parva
548 844 615 873 res
654 838 740 884 est,
782 837 858 872 aut
895 837 985 872 tam
1016 843 1151 888 parvo
1173 843 1372 873 sermone
1393 830 1638 885 contenta)

238 899 486 945 videbimus
526 899 648 956 alias,
677 915 780 945 cum
803 903 918 945 Deus
940 899 1032 959 ipse
1073 899 1451 961 opportunitatem
1484 898 1638 944 ordine

239 970 424 1016 dederit.

236 1129 736 1148 mmmfflmwmmkm
743 1129 808 1146 ΜΛΝ
817 1127 1636 1146 ΜἯἏΜΜῪΧΙὮὋΊΛΜΜΛΝΑΜΝΜἊΜΜΝΝἏΜΜΜ

754 1261 974 1311 CAPUT
1022 1266 1116 1312 Iit.

597 1395 816 1444 Stultitia
847 1412 913 1442 (ιη
935 1411 1044 1441 cum
1069 1394 1180 1443 Deo
1201 1396 1276 1441 sit.

298 1538 423 1582 Vni.
441 1553 686 1582 DEBINITUM
701 1544 764 1581 cst
777 1544 924 1580 autem
937 1534 1046 1596 quid
1059 1535 1113 1580 sit
1126 1550 1216 1580 esse
1227 1549 1329 1581 cuni
1344 1538 1450 1580 Deo.
1466 1537 1524 1580 Et
1535 1551 1638 1581 cum

236 1625 261 1654 a
284 1624 354 1654 me
371 1609 654 1655 dictumesset
666 1645 677 1666 ‚
697 1608 745 1653 id
764 1624 852 1654 esse
881 1625 982 1654 cum
1000 1612 1091 1654 Deo
1113 1607 1236 1669 quod
1252 1607 1458 1667 intelligit
1470 1611 1635 1665 Deum,

237 1697 314 1728 vos
335 1682 467 1728 etiam
479 1682 578 1744 plus
596 1681 829 1743 adjecistis,
854 1691 906 1726 ut
927 1681 989 1726 ibi
1011 1680 1098 1726 sint
1120 1681 1251 1725 etiam
1268 1678 1343 1725 illa
1357 1696 1458 1741 quae
1475 1675 1640 1726 intelli-

239 1764 406 1814 guntur
427 1772 451 1800 a
469 1756 678 1815 sapiente.
706 1757 803 1808 Qua
821 1754 868 1798 in
885 1770 930 1799 re
943 1753 1136 1798 multum
1156 1769 1227 1798 me
1243 1762 1392 1798 movet
1413 1753 1639 1814 quomodo

237 1826 384 1871 subito
402 1841 503 1871 cum
527 1830 617 1871 Deo
638 1826 870 1871 stultitiam
891 1824 1223 1870 collocaveritis.
1245 1827 1356 1870 Nam
1371 1825 1405 1869 si
1423 1840 1525 1870 cum
1546 1828 1638 1871 Deo

238 1907 342 1942 sunt
379 1914 672 1959 quaecumque
695 1897 903 1955 intelligit
923 1898 1091 1956 sapiens
1109 1933 1119 1952 ‚
1157 1912 1238 1940 nec
1267 1896 1348 1939 nisi
1369 1895 1637 1942 intellectam

238 1970 469 2015 stultitiam
491 1971 684 2027 effugere
709 1978 876 2028 potest,
921 1968 1003 2012 erit
1029 1969 1159 2012 etiam
1177 2003 1187 2023 ‚
1214 1967 1335 2028 quod
1368 1968 1491 2012 dictu
1514 1969 1636 2014 nefas

239 2051 329 2098 est,
354 2042 484 2102 pestis
509 2040 581 2086 illa
603 2057 705 2085 cum
727 2043 832 2085 Deo.
860 2042 957 2093 Qua
975 2039 1257 2084 conclusione
1273 2040 1508 2095 commoti,
1535 2056 1636 2085 cum

237 2115 284 2159 in
303 2114 473 2159 silentio
485 2129 530 2158 se
553 2113 830 2174 aliquantum
860 2112 1103 2157 tenuissent
1128 2131 1136 2158 :
1159 2110 1440 2171 Respondeat
1456 2148 1467 2168 ⁷
1492 2113 1637 2174 inquit

240 2187 492 2246 Trygeffius,
519 2186 647 2230 etiam
671 2184 744 2229 ille
762 2184 817 2229 dc
836 2185 960 2245 cujus
986 2183 1180 2229 adventu
1208 2182 1264 2227 ad
1293 2183 1418 2227 istam
1438 2183 1636 2244 disputa-

239 2257 405 2303 tionem
428 2257 796 2318 opportunissimo
818 2273 909 2301 non
933 2273 1012 2301 nos
1039 2265 1148 2316 puto
1182 2264 1345 2299 temere
1377 2255 1631 2315 gratulatos.

241 2333 353 2376 Tum
371 2331 554 2391 Alypius
582 2351 590 2375 ;
617 2333 731 2374 Deus
753 2329 932 2373 meliora
947 2365 957 2385 ‚
984 2329 1153 2389 inquit,
1189 2329 1384 2372 Huccine
1406 2329 1513 2373 mihi
1538 2339 1635 2373 tan-

238 2402 339 2448 dem
358 2412 531 2447 tantum
548 2417 696 2446 meum
717 2401 939 2445 silentium
956 2400 1220 2461 parabatur?
1250 2400 1334 2445 Sed
1354 2399 1521 2461 irrupta
1541 2402 1633 2461 jam

238 2474 361 2536 quies
385 2483 463 2518 est.
492 2476 657 2518 Verum
694 2489 813 2517 nunc
848 2472 988 2516 enitar
1015 2472 1118 2516 huic
1146 2480 1387 2532 utcumque
1417 2472 1634 2531 rogationi

238 2546 483 2592 satisfacere
495 2579 506 2600 ‚
531 2560 632 2590 cum
648 2544 755 2589 mihi
773 2544 892 2603 prius
912 2542 983 2588 vel
995 2543 1040 2586 in
1058 2542 1260 2587 futurum
1274 2558 1536 2603 prospexero
1552 2578 1563 2598 ,
1589 2552 1632 2587 ct
