1888 3168
535 167 660 193 LIBER
692 165 746 192 DE
778 163 1054 202 QL'ANTITATE
1088 165 1251 192 AMMAE.
1504 154 1586 191 271

193 243 238 278 et
256 234 400 278 anima
422 232 493 277 vel
515 241 679 278 creseat
696 231 768 278 vel
789 247 982 277 crescere
1003 231 1220 277 videatur.
1245 231 1352 285 Quis
1374 230 1492 274 enim
1514 246 1594 274 ne-

193 314 267 364 get
301 321 460 366 pueros
482 304 697 360 infantes,
731 319 787 348 ne
807 303 1048 348 bestiarum
1071 302 1255 364 quidem
1279 300 1595 346 nonnullarum

194 377 366 421 astutiae
394 375 739 437 comparandos?
761 374 866 429 Quis
889 383 1037 419 autem
1061 373 1258 429 dubitet,
1289 372 1372 417 illis
1396 388 1596 417 crescen-

193 448 329 505 tibus,
346 447 625 508 etiamipsam
645 447 691 492 in
712 447 771 492 eis
787 445 982 510 quodam
998 446 1133 492 modo
1149 460 1342 491 crescere
1363 445 1599 490 rationem?

192 519 363 565 Deinde
398 520 434 565 si
459 535 539 581 per
573 519 764 580 spatium
792 519 858 565 sui
892 519 1086 580 corporis
1122 518 1269 564 anima
1307 515 1593 573 distenditur,

192 591 418 653 quomodo
439 590 605 637 nuHius
624 592 882 654 quantitatis
905 593 1000 637 est?
1024 592 1067 637 Si
1087 600 1236 636 autem
1259 606 1351 636 non
1382 588 1596 636 distendi-

154 689 158 691 -
192 672 266 708 tur
281 698 292 719 ‚
317 664 544 725 quomodo
572 665 704 709 sentit
726 664 893 725 ubique
919 665 1224 725 pungentem?
1252 665 1305 708 A.
1332 661 1524 707 Omnino
1547 677 1598 706 ea

192 737 351 797 quaeris
375 753 476 798 quae
497 752 568 781 me
591 753 770 799 quoque
793 752 907 798 saepe
928 745 1189 782 moverunt:
1215 736 1364 796 itaque
1388 735 1478 780 non
1499 750 1596 779 sum

191 807 431 869 imparatus
464 809 545 853 tibi
566 809 850 870 respondere,
880 819 929 854 ut
952 808 1060 854 mihi
1089 808 1210 853 soleo
1241 827 1250 853 z
1276 817 1427 852 utrum
1449 816 1598 851 autem

191 877 332 937 bene,
357 880 468 925 ratio
491 897 590 943 quae
606 890 648 926 te
671 881 760 940 agit
773 880 990 942 judicabit
1000 896 1018 924 “.·
1037 880 1360 942 qualecumque
1381 878 1428 923 id
1450 888 1597 923 tamen

191 950 266 1007 sit,
294 951 392 1012 plus
406 962 522 997 certe
546 969 636 997 non
658 968 837 1013 possum
852 989 862 1008 ‚
889 951 971 997 nisi
990 950 1103 997 forte
1129 950 1299 1013 aliquid
1318 949 1473 995 melius
1494 965 1597 995 011111

191 1020 486 1083 disputamus,
510 1027 557 1069 in
579 1034 773 1069 mentem
795 1024 1005 1069 divinitus
1015 1023 1201 1069 venerit.
1230 1022 1316 1068 Sed
1337 1037 1537 1081 agamus,
1563 1020 1598 1065 si

189 1094 355 1155 placet⁷
381 1112 504 1142 more
521 1106 694 1153 nostro,
720 1107 771 1142 ut
789 1096 901 1142 duce
917 1096 1084 1142 ratione
1103 1105 1153 1141 tu
1181 1095 1263 1141 tibi
1291 1096 1383 1156 ipse
1414 1110 1597 1155 respon-

188 1165 290 1213 deas
318 1188 327 1214 :
354 1186 402 1214 ac
424 1169 544 1230 prius
567 1186 815 1232 quaeramus
832 1206 843 1227 ⁷
868 1180 1019 1216 utrum
1037 1169 1268 1215 crescentis
1292 1184 1393 1213 cum
1412 1182 1596 1228 corpore

190 1239 324 1284 animi
349 1251 520 1287 eertum
538 1252 851 1303 argumentum
873 1243 928 1288 sit
944 1278 954 1299 ‚
970 1241 1093 1304 quod
1106 1241 1246 1286 aetatis
1262 1257 1437 1286 accessu
1456 1240 1598 1300 aptior

188 1311 396 1358 humanae
434 1314 745 1360 consuetudini
783 1315 918 1360 homo
932 1351 942 1371 ⁷
980 1323 1024 1359 et
1049 1314 1096 1358 in
1128 1330 1178 1358 ea
1200 1313 1334 1372 magis
1372 1311 1597 1370 magisque

186 1385 352 1444 peritus
375 1396 454 1432 est.
480 1390 532 1432 Ε.
560 1390 652 1447 Age
681 1396 731 1432 ut
752 1386 896 1443 placet
912 1422 922 1439 ‚
948 1402 1051 1427 nam
1086 1395 1131 1427 et
1160 1398 1241 1442 ego
1265 1381 1312 1426 id
1341 1398 1480 1442 genus
1512 1381 1596 1427 do·-

187 1454 316 1499 cendi
339 1471 387 1500 ac
405 1454 603 1500 discendi
629 1455 816 1500 maxime
838 1455 980 1516 probo
1005 1474 1014 1500 :
1040 1454 1188 1500 nescio
1209 1471 1298 1516 quo
1318 1455 1436 1500 enim
1459 1454 1594 1500 modo

188 1542 291 1571 cum
312 1526 359 1572 id
376 1526 500 1589 quod
520 1528 717 1573 nesciens
739 1528 996 1589 quaerabam
1018 1526 1111 1587 ipse
1134 1527 1377 1589 respondeo
1393 1564 1404 1585 7
1430 1528 1481 1573 fit
1501 1527 1595 1588 ipsa

188 1597 384 1644 inventio
402 1615 494 1644 non
513 1598 647 1644 modo
670 1615 717 1644 re
726 1635 743 1656 ,
762 1598 840 1644 sed
858 1598 1147 1645 admiratione
1169 1600 1301 1644 etiam
1315 1599 1501 1642 dulcior.

189 1754 475 1773 mmmmm
479 1753 1594 1774 mmmmmmmmwtwmmwuwnmmumwmmmm

684 1876 904 1929 CAPUT
942 1880 1082 1929 XVI.

186 2023 531 2087 Respondetur
565 2021 827 2088 objectioni
860 2034 905 2071 et
937 2023 1207 2072 ostenditur
1238 2026 1458 2073 animam
1489 2027 1596 2073 sine

476 2114 711 2160 corporeo
729 2099 1024 2144 incremento
1038 2100 1289 2162 proficere.

244 2235 434 2279 XXVII.
457 2236 510 2280 A.
534 2237 613 2280 DIC
647 2250 754 2295 ergo
785 2244 939 2280 utrum
966 2235 1048 2281 tibi
1075 2237 1216 2298 majus
1249 2245 1293 2281 et
1319 2236 1479 2285 melius
1502 2236 1593 2282 duo

184 2305 406 2368 quaedam,
432 2322 490 2352 an
510 2323 652 2352 unum
675 2316 808 2369 atque
829 2306 946 2354 idem
971 2324 1061 2353 esse
1081 2308 1284 2354 videatur
1306 2308 1483 2354 duobus
1512 2325 1595 2355 no-

182 2377 378 2422 minibus
401 2378 701 2439 appellatum?
717 2381 769 2425 E.
792 2379 889 2425 Scio
907 2378 1029 2424 aliud
1047 2396 1138 2425 esse
1157 2379 1279 2442 quod
1296 2381 1456 2442 majus,
1473 2380 1595 2425 aliud

183 2447 306 2509 quod
338 2448 499 2496 melius
526 2449 728 2496 dicimus.
755 2452 809 2495 A.
836 2450 955 2504 Quid
971 2452 1137 2508 ¹horum
1167 2451 1359 2498 duorum
1383 2462 1448 2498 est
1470 2453 1597 2513 cujus

183 2535 273 2566 esse
296 2530 423 2582 putes
447 2522 773 2583 quantitatem?
794 2524 847 2567 E.
875 2521 929 2568 Id
951 2521 1156 2569 videlicet
1178 2523 1303 2585 quod
1320 2525 1465 2585 majus
1482 2523 1594 2570 dici-
