1852 3163
242 218 324 262 154
670 233 704 260 s.
741 228 974 262 Avensa-nu
1007 231 1191 262 mascotz

293 297 414 342 XIV.
450 296 530 341 Hic
550 294 623 341 ille
639 295 754 342 lecto
771 298 902 343 etiam
924 297 1101 343 exiliens
1119 313 1211 359 prae
1227 297 1381 344 laetitia
1395 316 1405 345 ε
1419 298 1525 353 Quis
1556 313 1634 345 ne·-

240 377 327 429 get,
353 372 467 413 Deus
489 383 668 427 magne,
701 369 866 430 inquit,
890 378 930 415 te
951 379 1110 415 cuncta
1122 369 1275 415 ordine
1302 369 1633 417 administrare?

236 444 378 495 Quam
394 455 439 485 se
451 440 595 485 omnia
618 449 791 496 tenent,
808 456 942 502 quam
961 441 1064 486 ratis
1080 441 1423 486 successionibus
1437 441 1483 486 in
1495 442 1634 488 nodos

235 528 335 557 suos
356 521 593 571 urgentur,
619 521 785 572 quanta
808 521 852 557 et
873 528 1006 573 quam
1029 512 1169 557 multa
1191 511 1305 558 sacta
1328 522 1430 558 sunt
1457 522 1508 558 ut
1539 514 1635 560 haec

237 583 542 645 loqueremur,
568 591 733 643 quanta
756 585 871 628 fiunt
892 592 944 628 ut
975 592 1018 628 te
1041 583 1329 628 inveniamus.
1358 583 1484 629 Unde
1519 585 1636 629 enim

234 655 318 699 11οο
350 654 517 715 ipsum,
537 654 618 699 nisi
638 669 689 698 ex
709 670 857 699 rerum
878 653 1032 700 ordine
1052 663 1201 700 manat
1226 663 1270 700 et
1290 655 1467 700 ducitur
1482 691 1493 712 ,
1513 655 1636 717 quod

235 723 534 784 evigilavimus
547 760 558 782 ,
579 724 701 787 quod
722 725 849 770 illum
871 741 1029 771 sonum
1045 725 1291 783 advertisti,
1311 725 1433 788 quod
1445 726 1636 788 quaesisti

235 806 382 841 tecum
396 813 569 842 causam
582 833 592 853 ,
609 797 732 859 quod
749 807 799 842 tu
822 813 997 843 causam
1013 796 1199 842 tantillae
1213 797 1274 842 rei
1296 813 1387 842 non
1404 797 1636 843 invenisti?

239 871 371 914 Sorex
386 870 515 914 etiam
528 869 676 930 prodit
693 906 703 926 ,
728 880 779 915 ut
801 885 881 929 ego
903 870 1086 929 vigilans
1099 868 1275 931 prodar.
1295 873 1520 915 Postremo
1534 878 1636 915 tuus
1680 900 1685 904 -

235 941 364 985 etiam
392 941 484 1002 ipse
507 957 670 998 sermo,
701 950 743 986 te
772 941 955 988 fortasse
987 941 1034 987 id
1063 958 1154 988 non
1176 951 1345 1001 agente.
1368 943 1491 999 (Non
1519 942 1637 986 enim

237 1013 445 1074 cuiquam
466 1013 512 1057 in
544 1023 760 1073 potestate.
789 1023 852 1059 est
889 1013 999 1075 quid
1033 1013 1181 1059 veniat
1214 1013 1262 1057 in
1296 1015 1545 1072 mentemz)
1577 1013 1636 1058 sic

236 1084 382 1128 nescio
395 1084 620 1144 quomodo
639 1085 948 1142 circumagitur
960 1120 972 1142 ,
992 1094 1043 1130 ut
1059 1100 1129 1129 me
1151 1085 1242 1144 ipse
1256 1084 1411 1128 doceat
1430 1083 1539 1144 quid
1555 1083 1636 1127 tibi

236 1153 422 1198 debeam
444 1154 722 1214 respondere.
748 1157 949 1215 Namque
971 1169 1048 1199 oro
1069 1164 1134 1209 te,
1160 1154 1195 1198 si
1214 1155 1321 1213 haee
1338 1170 1440 1215 quae
1462 1171 1485 1199 a
1507 1154 1634 1203 nobis

236 1225 352 1272 dicta
374 1235 499 1282 sunt,
524 1226 700 1282 litteris,
738 1236 784 1270 ut
812 1226 1063 1282 instituisti,
1103 1225 1310 1271 mandata
1340 1236 1636 1286 pervagentur

232 1298 364 1358 paulo
392 1297 522 1342 latius
547 1298 603 1343 ad
623 1298 855 1342 hominum
882 1298 1070 1353 famam,
1107 1312 1254 1342 nonne
1279 1297 1340 1342 ita
1378 1312 1444 1342 res
1477 1312 1637 1357 magna

235 1369 480 1424 videbitur,
501 1378 553 1412 ut
582 1368 637 1412 de
669 1368 743 1413 illa
765 1368 989 1413 consultus
1019 1368 1174 1429 aliquis
1201 1377 1319 1414 vates
1346 1384 1533 1428 magnus
1561 1378 1638 1414 aut

238 1439 470 1485 Chaldaeus
489 1438 752 1500 respondere
775 1438 1000 1494 debuerit,
1025 1438 1167 1483 multo
1185 1447 1286 1483 ante
1307 1454 1442 1499 quam
1464 1440 1638 1484 evenit?

238 1511 370 1566 Quod
386 1513 420 1557 si
437 1510 755 1573 respondisset,
783 1511 842 1556 ita
865 1510 1039 1557 divinus
1059 1510 1278 1555 diceretur
1294 1546 1305 1566 ,
1327 1511 1386 1555 ita
1408 1510 1638 1556 efferretur

235 1583 441 1628 laudibus
459 1583 656 1628 omnium
669 1618 679 1636 ,
706 1591 757 1626 ut
770 1592 919 1626 tamen
936 1598 987 1626 ex
1003 1598 1053 1626 eo
1072 1597 1204 1626 nemo
1227 1597 1424 1641 quaerere
1438 1581 1634 1639 auderet,

238 1671 316 1699 cur
338 1653 495 1699 folium
514 1653 569 1698 ab
591 1653 745 1698 arbore
779 1651 1008 1708 ceciderit,
1036 1661 1112 1696 aut
1134 1661 1286 1696 utrum
1308 1668 1405 1697 mus
1432 1652 1638 1698 oberrans

233 1726 395 1788 jacenti
417 1725 586 1771 homini
614 1725 821 1770 molestus
843 1724 1003 1770 fuerit?
1030 1724 1363 1786 Numquidnam
1391 1725 1508 1769 enim
1536 1725 1638 1770 talia

240 1798 390 1842 sutura
412 1798 641 1859 quisquam
674 1796 851 1842 illorum
871 1806 948 1841 aut
969 1812 1047 1857 per
1069 1812 1113 1842 se
1136 1797 1246 1841 dixit
1283 1796 1541 1857 aliquando,
1563 1806 1638 1842 aut

241 1885 264 1913 a
287 1868 536 1913 consultore
557 1876 732 1912 coactus
754 1877 819 1912 est
843 1866 1019 1912 dicere?
1039 1867 1176 1929 Atqui
1198 1868 1233 1912 si
1263 1866 1460 1911 futurum
1482 1882 1639 1929 quem-

241 1940 341 1985 dam
363 1940 527 1984 librum
539 1955 630 1985 non
645 1938 886 1999 ignobilem
906 1939 1092 1994 diceret,
1119 1948 1161 1984 et
1178 1938 1226 1983 id
1245 1939 1486 1985 necessario
1503 1954 1638 1985 even-

241 2022 390 2057 turum
412 2011 603 2067 videret,
632 2027 722 2056 non
744 2011 861 2055 enim
882 2020 1029 2072 posset
1051 2009 1176 2056 aliter
1194 2010 1411 2067 divinare,
1439 2010 1639 2072 profecto

243 2083 460 2146 quidquid
481 2084 678 2129 volitatio
711 2082 918 2129 foliorum
948 2084 995 2128 111
1023 2083 1155 2128 domo
1177 2082 1309 2138 facit,
1339 2091 1429 2126 tam
1463 2092 1566 2127 sunt
1592 2083 1639 2127 in

243 2170 390 2199 rerum
403 2154 555 2200 ordine
569 2155 804 2199 necessaria
822 2169 955 2215 quam
970 2152 1057 2198 illae
1073 2153 1244 2197 litterae.
1269 2152 1344 2197 His
1362 2152 1479 2197 enim
1495 2154 1639 2199 verbis

243 2226 378 2282 fiunt,
404 2242 503 2287 quae
525 2225 617 2270 sine
637 2224 720 2269 illis
737 2224 1090 2285 praecedentibus
1106 2223 1321 2270 vilissimis
1343 2224 1473 2268 rebus
1495 2225 1639 2269 necin

243 2307 435 2342 mentem
467 2297 616 2342 venire
637 2306 840 2357 possent,
875 2312 957 2342 nec
991 2312 1065 2342 ore
1095 2294 1332 2358 procedere
1367 2297 1639 2357 posterisque

246 2368 459 2412 mandari.
481 2371 624 2422 Quare
639 2369 729 2429 jam
749 2384 876 2427 rogo,
896 2383 1026 2413 nemo
1048 2383 1098 2412 ex
1115 2382 1185 2412 me
1201 2376 1392 2428 quaerat,
1416 2383 1495 2412 cur
1513 2367 1640 2428 quid-

246 2456 332 2500 que
354 2440 443 2484 fiat.
474 2439 582 2484 Satis
599 2449 662 2484 est
684 2439 794 2483 1111111
815 2440 932 2497 fieri,
952 2438 1062 2485 nihil
1088 2438 1228 2499 gigni,
1245 2438 1366 2501 quod
1384 2454 1475 2485 non
1492 2438 1636 2499 aliqua

246 2525 373 2555 causa
397 2510 595 2569 genuerit
611 2526 659 2555 30
681 2510 880 2556 moverit.
