1888 3168
693 193 748 221 DE
779 188 936 220 MUSICA
969 191 1053 219 Lus.
1086 192 1135 217 11.
1529 178 1614 218 363

216 276 317 323 quae
351 260 527 305 sibimet
549 257 697 321 aliqua
728 259 896 304 ratione
918 255 1219 313 conferantur,
1243 271 1418 302 necesse
1440 247 1519 313 est,
1544 255 1616 301 id-

214 348 303 395 que
327 332 525 393 superius
546 331 684 390 egisse
711 347 790 376 nos
812 329 1020 375 memini:
1044 326 1121 373 sed
1143 327 1363 388 numquid
1383 343 1616 389 possumus

213 407 335 451 hunc
356 405 490 449 trium
515 402 719 447 brevium
746 402 1016 462 syllabarum
1036 399 1196 462 pedem
1216 399 1264 444 in
1285 399 1395 445 duas
1423 400 1617 461 aequales

212 486 357 538 partes
376 474 603 521 dividere?
626 477 678 518 D.
701 474 835 520 Nullo
856 473 1005 519 modo.
1031 475 1093 519 M.
1119 470 1356 526 Quomodo
1379 487 1484 531 ergo
1505 472 1619 517 divi-

213 548 365 593 ditur?
387 550 439 592 D.
475 544 594 593 Nihil
627 545 749 590 aliud
781 547 925 603 video,
949 544 1033 590 nisi
1061 553 1112 589 ut
1141 543 1283 605 prima
1320 559 1419 604 pars
1454 543 1618 588 habeat

212 634 348 664 unam
369 617 608 678 syllabam,
633 616 828 663 secunda
852 617 990 677 duas3
1013 626 1089 662 aut
1109 616 1250 676 prima
1273 614 1398 671 duas,
1424 614 1618 660 secunda

211 706 363 736 unam.
388 692 451 735 Μ.
478 690 556 735 1)16
576 689 709 734 etiam
731 688 787 733 de
803 705 892 750 qua
910 688 1060 748 regula
1077 702 1366 732 numerorum
1384 685 1465 731 sit?
1482 689 1535 732 D.
1554 689 1618 732 De

209 763 576 823 complicatorum
599 776 757 821 genere
778 777 868 806 esse
890 777 1124 822 cognosco.

271 838 374 881 VII.
400 838 493 894 Age
514 851 652 895 nunc,
677 833 790 879 illud
821 834 1018 890 attende,
1042 844 1131 878 tres
1152 832 1336 893 syllabae
1370 832 1418 876 in
1454 831 1618 892 quibus

210 917 276 953 est
292 923 382 952 una
403 906 552 967 longa,
580 915 750 952 caeterae
772 906 926 951 breves
963 905 1136 967 quoties
1177 903 1335 949 variari
1362 903 1545 964 possint,
1572 902 1620 948 id

209 987 289 1035 est,
311 987 421 1039 quot
442 978 578 1039 pedes
600 977 760 1035 facere,
783 988 827 1023 et
843 976 1062 1039 responde
1083 977 1118 1020 si
1137 974 1371 1022 inveneris.
1393 977 1446 1019 D.
1470 976 1618 1019 Unum

208 1049 369 1112 pedem
389 1048 521 1095 video
540 1065 648 1106 esse,
666 1051 744 1111 qui
765 1050 898 1110 longa
921 1058 965 1094 et
986 1049 1161 1095 duabus
1182 1047 1394 1092 brevibus
1416 1056 1588 1092 constet
1606 1065 1616 1092 z

209 1120 331 1167 aliud
363 1137 455 1166 non
489 1121 706 1181 intelligo.
738 1125 800 1167 M.
828 1121 1037 1166 Idem-ne
1064 1119 1182 1165 solus
1215 1118 1297 1164 tibi
1324 1118 1502 1164 videtur
1533 1119 1618 1163 ha-

207 1195 313 1240 here
332 1208 468 1238 unam
490 1193 537 1238 in
558 1193 699 1238 tribus
721 1194 901 1254 longam
914 1229 925 1250 ‚
951 1194 1029 1255 qui
1051 1208 1148 1237 eam
1168 1192 1314 1253 primo
1331 1190 1469 1236 habet
1489 1189 1620 1236 loco?

206 1269 260 1312 D.
279 1261 413 1312 Nullo
435 1275 590 1327 pacto,
613 1266 733 1311 istud
750 1266 1015 1327 putaverim,
1032 1281 1136 1310 cum
1152 1264 1322 1325 possint
1343 1263 1445 1308 duae
1463 1263 1618 1308 breves

205 1339 374 1399 priores
410 1353 518 1395 esse,
543 1337 676 1398 longa
706 1338 878 1383 ultima.
904 1339 966 1382 M.
990 1335 1247 1392 Considera,
1271 1344 1425 1380 utrum
1446 1335 1503 1379 sit
1534 1334 1616 1379 ali-

204 1410 315 1471 quid
336 1410 532 1453 tertium.
556 1412 609 1453 D.
635 1412 713 1453 Est
734 1408 866 1468 plane
884 1427 894 1454 z
918 1423 1024 1452 nam
1040 1417 1085 1452 et
1100 1407 1234 1467 longa
1254 1408 1387 1452 etiam
1403 1407 1451 1451 in
1470 1405 1616 1452 medio

204 1479 397 1526 duarum
424 1479 627 1524 brevium
648 1478 856 1524 collocari
889 1488 1050 1540 potest.
1075 1481 1138 1524 M.
1165 1478 1278 1523 Vide
1311 1478 1528 1523 etiam-ne
1559 1478 1616 1523 sit

205 1551 375 1613 aliquid
397 1560 622 1613 quartum.
653 1554 706 1596 D.
738 1551 932 1596 Omnino
969 1567 1061 1596 non
1097 1559 1256 1612 potest.
1296 1553 1359 1597 M.
1402 1555 1615 1597 Potes-ne

199 1624 293 1685 jam
330 1622 612 1683 respondere,
639 1631 725 1667 tres
761 1622 944 1681 syllabae
981 1623 1197 1667 habentes
1223 1623 1270 1667 in
1291 1638 1336 1667 se
1357 1638 1494 1668 unam
1515 1622 1616 1668 lon-

205 1710 306 1755 gam
329 1704 372 1739 et
399 1693 509 1739 duas
532 1695 710 1750 breves,
736 1695 908 1756 quoties
939 1694 1098 1741 variari
1118 1694 1309 1755 possint,
1334 1694 1382 1740 id
1403 1704 1482 1751 est,
1503 1704 1614 1756 quot

202 1765 337 1828 pedes
358 1764 534 1811 facere?
556 1769 608 1812 D.
636 1770 818 1811 Possum
842 1782 969 1813 sane:
996 1782 1100 1811 nam
1120 1776 1189 1811 ter
1218 1776 1323 1811 sunt
1342 1767 1543 1823 variatae,
1569 1777 1614 1812 et

203 1848 290 1884 tres
323 1837 526 1884 fecerunt
548 1838 696 1900 pedes.
723 1842 785 1885 M.
813 1839 953 1894 Quid,
978 1839 1054 1895 isti,
1087 1848 1175 1884 tres
1212 1839 1347 1899 pedes
1385 1840 1612 1900 quomodo

203 1912 290 1957 sint
312 1910 546 1956 ordinandi
560 1912 733 1972 jam-ne
755 1911 847 1971 ipse
869 1910 1062 1970 colligis,
1091 1926 1149 1955 an
1172 1909 1229 1955 ad
1250 1911 1335 1956 hoc
1358 1912 1490 1956 etiam
1524 1913 1611 1957 mi-

203 1984 393 2029 nutatim
416 1999 460 2028 es
481 1982 824 2044 perducendus?
848 1986 900 2028 D.
926 1981 1138 2042 Displicet
1159 1983 1277 2027 enim
1302 1983 1383 2027 tibi
1406 1984 1515 2029 ordo
1536 1984 1611 2029 ille

202 2072 292 2117 quo
315 2056 456 2115 ipsam
477 2056 734 2100 varietatem
750 2055 972 2115 comperi?
994 2070 1097 2099 nam
1115 2055 1259 2115 primo
1283 2054 1452 2101 adverti
1475 2072 1611 2101 unam

202 2127 383 2186 longam
405 2136 449 2172 et
470 2126 578 2172 duas
602 2127 771 2182 breves⁷
793 2126 953 2171 deinde
974 2126 1084 2171 duas
1101 2127 1271 2184 breves,
1298 2137 1342 2173 et
1358 2144 1493 2173 unam
1510 2128 1610 2174 lon-

205 2214 320 2258 gam,
331 2207 555 2258 postremo
572 2198 754 2242 brevem
769 2207 813 2242 et
826 2197 1002 2256 longam
1012 2208 1056 2243 et
1064 2199 1259 2245 brevem.
1272 2203 1334 2245 M.
1349 2203 1490 2245 Ita-ne
1503 2217 1610 2247 vero

202 2270 284 2314 tibi
301 2286 392 2315 non
414 2269 642 2330 displiceat
663 2270 740 2331 qui
763 2270 823 2315 sic
845 2270 1036 2327 ordinat,
1060 2281 1112 2316 ut
1134 2288 1158 2317 a
1180 2273 1322 2333 primo
1348 2270 1403 2317 ad
1426 2273 1607 2318 tertium

203 2342 367 2397 veniat⁷
393 2358 417 2386 a
448 2343 579 2388 tertio
601 2342 657 2387 ad
678 2342 946 2399 secundum,
980 2359 1029 2388 ac
1052 2360 1144 2389 non
1165 2344 1312 2404 potius
1333 2361 1356 2389 a
1385 2344 1528 2405 primo
1551 2345 1608 2389 ad

201 2413 469 2470 secundum,
505 2423 550 2458 et
574 2412 735 2458 deinde
769 2413 1067 2468 adtertium‘?
1089 2419 1140 2459 D.
1169 2415 1379 2476 Displicet
1399 2433 1602 2477 prorsus:

203 2485 279 2530 sed
301 2486 410 2546 quid
431 2487 503 2530 hic
525 2485 705 2531 tandem
726 2486 813 2531 tale
836 2486 1059 2532 advertisti
1083 2503 1205 2547 rogo.
1227 2491 1289 2533 M.
1312 2490 1424 2533 Cum
1443 2487 1542 2533 ideo
1560 2489 1606 2533 in

202 2558 284 2603 hac
306 2558 523 2618 tripartita
553 2556 802 2606 differentia
823 2557 951 2604 illum
979 2558 1139 2620 pedem
1165 2560 1358 2620 primum
1384 2561 1600 2621 posueris7
