<?xml version="1.0" encoding="UTF-8"?>
<!DOCTYPE html PUBLIC "-//W3C//DTD XHTML 1.0 Transitional//EN"
    "http://www.w3.org/TR/xhtml1/DTD/xhtml1-transitional.dtd">
<html xmlns="http://www.w3.org/1999/xhtml" xml:lang="en" lang="en">
 <head>
  <title>
</title>
<meta http-equiv="Content-Type" content="text/html;charset=utf-8" />
  <meta name='ocr-system' content='tesseract 3.04.00' />
  <meta name='ocr-capabilities' content='ocr_page ocr_carea ocr_par ocr_line ocrx_word'/>
</head>
<body>
  <div class='ocr_page' id='page_1' title='image "./operaomniaaccura01auguuoft_0577.png"; bbox 0 0 1888 3168; ppageno 0'>
   <div class='ocr_carea' id='block_1_1' title="bbox 685 169 1626 222">
    <p class='ocr_par' dir='ltr' id='par_1_1' title="bbox 685 169 1626 222">
     <span class='ocr_line' id='line_1_1' title="bbox 685 169 1626 222; baseline -0.003 -10"><span class='ocrx_word' id='word_1_1' title='bbox 685 185 809 212; x_wconf 80' lang='lat' dir='ltr'>LIBER</span> <span class='ocrx_word' id='word_1_2' title='bbox 841 184 896 211; x_wconf 88' lang='lat' dir='ltr'>DE</span> <span class='ocrx_word' id='word_1_3' title='bbox 928 180 1159 222; x_wconf 35' lang='lat' dir='ltr'>MA-G1STR0.</span> <span class='ocrx_word' id='word_1_4' title='bbox 1541 169 1626 210; x_wconf 79' lang='lat'>567</span> 
     </span>
    </p>
   </div>
   <div class='ocr_carea' id='block_1_2' title="bbox 226 244 1635 742">
    <p class='ocr_par' dir='ltr' id='par_1_2' title="bbox 226 244 1635 742">
     <span class='ocr_line' id='line_1_2' title="bbox 226 244 1629 310; baseline 0.004 -24"><span class='ocrx_word' id='word_1_5' title='bbox 226 244 410 292; x_wconf 87' lang='lat' dir='ltr'>surdum</span> <span class='ocrx_word' id='word_1_6' title='bbox 438 250 646 310; x_wconf 87' lang='lat' dir='ltr'>pietatem</span> <span class='ocrx_word' id='word_1_7' title='bbox 666 258 710 293; x_wconf 89' lang='lat' dir='ltr'>et</span> <span class='ocrx_word' id='word_1_8' title='bbox 741 245 1084 292; x_wconf 86' lang='lat' dir='ltr'>misericordiam</span> <span class='ocrx_word' id='word_1_9' title='bbox 1105 261 1197 291; x_wconf 92' lang='lat' dir='ltr'>uno</span> <span class='ocrx_word' id='word_1_10' title='bbox 1218 245 1439 291; x_wconf 87' lang='lat' dir='ltr'>vocabulo</span> <span class='ocrx_word' id='word_1_11' title='bbox 1454 246 1629 292; x_wconf 74' lang='lat' dir='ltr'>=Punice</span> 
     </span>
     <span class='ocr_line' id='line_1_3' title="bbox 227 316 1628 381; baseline 0.004 -23"><span class='ocrx_word' id='word_1_12' title='bbox 227 318 390 363; x_wconf 89' lang='lat' dir='ltr'>vocari.</span> <span class='ocrx_word' id='word_1_13' title='bbox 413 322 518 367; x_wconf 86' lang='lat' dir='ltr'>Haec</span> <span class='ocrx_word' id='word_1_14' title='bbox 540 320 803 381; x_wconf 86' lang='lat' dir='ltr'>plerumque</span> <span class='ocrx_word' id='word_1_15' title='bbox 825 317 1034 363; x_wconf 90' lang='lat' dir='ltr'>accidunt</span> <span class='ocrx_word' id='word_1_16' title='bbox 1047 352 1058 373; x_wconf 84' lang='lat'>‚</span> <span class='ocrx_word' id='word_1_17' title='bbox 1083 316 1160 362; x_wconf 91' lang='lat' dir='ltr'>sed</span> <span class='ocrx_word' id='word_1_18' title='bbox 1181 332 1232 362; x_wconf 91' lang='lat' dir='ltr'>ea</span> <span class='ocrx_word' id='word_1_19' title='bbox 1257 319 1338 376; x_wconf 89' lang='lat' dir='ltr'>(ut</span> <span class='ocrx_word' id='word_1_20' title='bbox 1354 316 1474 376; x_wconf 84' lang='lat' dir='ltr'><strong>dixi)</strong></span> <span class='ocrx_word' id='word_1_21' title='bbox 1495 317 1628 364; x_wconf 89' lang='lat' dir='ltr'>omit-</span> 
     </span>
     <span class='ocr_line' id='line_1_4' title="bbox 229 386 1630 449; baseline 0.004 -21"><span class='ocrx_word' id='word_1_22' title='bbox 229 392 401 446; x_wconf 81' lang='lat' dir='ltr'>tamus,</span> <span class='ocrx_word' id='word_1_23' title='bbox 436 406 493 443; x_wconf 89' lang='lat' dir='ltr'>ne</span> <span class='ocrx_word' id='word_1_24' title='bbox 526 390 795 436; x_wconf 86' lang='lat' dir='ltr'>calumniam</span> <span class='ocrx_word' id='word_1_25' title='bbox 827 386 972 435; x_wconf 83' lang='lat' dir='ltr'>verbis</span> <span class='ocrx_word' id='word_1_26' title='bbox 1003 387 1059 432; x_wconf 87' lang='lat' dir='ltr'>de</span> <span class='ocrx_word' id='word_1_27' title='bbox 1093 386 1311 439; x_wconf 80' lang='lat' dir='ltr'>audientis</span> <span class='ocrx_word' id='word_1_28' title='bbox 1342 387 1630 449; x_wconf 82' lang='lat' dir='ltr'>negligentia,</span> 
     </span>
     <span class='ocr_line' id='line_1_5' title="bbox 231 456 1635 507; baseline 0.005 -7"><span class='ocrx_word' id='word_1_29' title='bbox 231 456 300 501; x_wconf 87' lang='lat' dir='ltr'>vel</span> <span class='ocrx_word' id='word_1_30' title='bbox 323 461 454 506; x_wconf 90' lang='lat' dir='ltr'>etiam</span> <span class='ocrx_word' id='word_1_31' title='bbox 481 461 538 507; x_wconf 91' lang='lat' dir='ltr'>de</span> <span class='ocrx_word' id='word_1_32' title='bbox 559 460 772 507; x_wconf 78' lang='lat' dir='ltr'>surditate</span> <span class='ocrx_word' id='word_1_33' title='bbox 792 460 1024 507; x_wconf 88' lang='lat' dir='ltr'>hominum</span> <span class='ocrx_word' id='word_1_34' title='bbox 1051 458 1202 504; x_wconf 85' lang='lat' dir='ltr'>videar</span> <span class='ocrx_word' id='word_1_35' title='bbox 1229 473 1532 505; x_wconf 87' lang='lat' dir='ltr'>commovere:</span> <span class='ocrx_word' id='word_1_36' title='bbox 1559 460 1635 507; x_wconf 88' lang='lat' dir='ltr'>illa</span> 
     </span>
     <span class='ocr_line' id='line_1_6' title="bbox 233 530 1632 595; baseline 0.003 -22"><span class='ocrx_word' id='word_1_37' title='bbox 233 532 372 590; x_wconf 84' lang='lat' dir='ltr'>magis</span> <span class='ocrx_word' id='word_1_38' title='bbox 396 543 566 594; x_wconf 84' lang='lat' dir='ltr'>angunt</span> <span class='ocrx_word' id='word_1_39' title='bbox 587 549 688 595; x_wconf 84' lang='lat' dir='ltr'>quae</span> <span class='ocrx_word' id='word_1_40' title='bbox 706 533 905 594; x_wconf 88' lang='lat' dir='ltr'>superius</span> <span class='ocrx_word' id='word_1_41' title='bbox 927 531 1201 587; x_wconf 83' lang='lat' dir='ltr'>enumeravi,</span> <span class='ocrx_word' id='word_1_42' title='bbox 1229 530 1307 576; x_wconf 88' lang='lat' dir='ltr'>ubi</span> <span class='ocrx_word' id='word_1_43' title='bbox 1333 530 1477 577; x_wconf 88' lang='lat' dir='ltr'>verbis</span> <span class='ocrx_word' id='word_1_44' title='bbox 1497 530 1632 593; x_wconf 89' lang='lat' dir='ltr'>liqui-</span> 
     </span>
     <span class='ocr_line' id='line_1_7' title="bbox 233 601 1633 668; baseline 0.001 -22"><span class='ocrx_word' id='word_1_45' title='bbox 233 601 409 649; x_wconf 85' lang='lat' dir='ltr'>dissime</span> <span class='ocrx_word' id='word_1_46' title='bbox 424 621 528 651; x_wconf 87' lang='lat' dir='ltr'>aure</span> <span class='ocrx_word' id='word_1_47' title='bbox 540 606 757 668; x_wconf 81' lang='lat' dir='ltr'>perceptis</span> <span class='ocrx_word' id='word_1_48' title='bbox 768 615 812 652; x_wconf 87' lang='lat' dir='ltr'>et</span> <span class='ocrx_word' id='word_1_49' title='bbox 827 604 974 650; x_wconf 87' lang='lat' dir='ltr'>latinis</span> <span class='ocrx_word' id='word_1_50' title='bbox 985 620 1077 650; x_wconf 91' lang='lat' dir='ltr'>non</span> <span class='ocrx_word' id='word_1_51' title='bbox 1092 602 1303 660; x_wconf 83' lang='lat' dir='ltr'>valemus,</span> <span class='ocrx_word' id='word_1_52' title='bbox 1324 618 1427 649; x_wconf 91' lang='lat' dir='ltr'>cum</span> <span class='ocrx_word' id='word_1_53' title='bbox 1438 602 1633 665; x_wconf 83' lang='lat' dir='ltr'>ejusdem</span> 
     </span>
     <span class='ocr_line' id='line_1_8' title="bbox 232 672 1392 742; baseline 0.003 -25"><span class='ocrx_word' id='word_1_54' title='bbox 232 672 398 734; x_wconf 84' lang='lat' dir='ltr'>linguae</span> <span class='ocrx_word' id='word_1_55' title='bbox 420 677 576 742; x_wconf 46' lang='lat' dir='ltr'>simus?</span> <span class='ocrx_word' id='word_1_56' title='bbox 601 677 883 739; x_wconf 88' lang='lat' dir='ltr'>loquentium</span> <span class='ocrx_word' id='word_1_57' title='bbox 904 677 1094 736; x_wconf 81' lang='lat' dir='ltr'>cogitata</span> <span class='ocrx_word' id='word_1_58' title='bbox 1115 690 1392 736; x_wconf 84' lang='lat' dir='ltr'>cognoscere.</span> 
     </span>
    </p>
   </div>
   <div class='ocr_carea' id='block_1_3' title="bbox 232 838 565 856">
    <p class='ocr_par' dir='ltr' id='par_1_3' title="bbox 232 838 565 856">
     <span class='ocr_line' id='line_1_9' title="bbox 232 838 565 856; baseline 0.006 -2"><span class='ocrx_word' id='word_1_59' title='bbox 232 838 565 856; x_wconf 60' lang='lat' dir='ltr'>mmmm</span> 
     </span>
    </p>
   </div>
   <div class='ocr_carea' id='block_1_4' title="bbox 569 837 837 856">
    <p class='ocr_par' dir='ltr' id='par_1_4' title="bbox 569 837 837 856">
     <span class='ocr_line' id='line_1_10' title="bbox 569 837 837 856; baseline 0 2312"><span class='ocrx_word' id='word_1_60' title='bbox 569 837 837 856; x_wconf 95' lang='lat' dir='ltr'> </span> 
     </span>
    </p>
   </div>
   <div class='ocr_carea' id='block_1_5' title="bbox 840 836 1175 854">
    <p class='ocr_par' dir='ltr' id='par_1_5' title="bbox 840 836 1175 854">
     <span class='ocr_line' id='line_1_11' title="bbox 840 836 1175 854; baseline 0 2314"><span class='ocrx_word' id='word_1_61' title='bbox 840 836 1175 854; x_wconf 95' lang='lat' dir='ltr'> </span> 
     </span>
    </p>
   </div>
   <div class='ocr_carea' id='block_1_6' title="bbox 721 963 1139 1021">
    <p class='ocr_par' dir='ltr' id='par_1_6' title="bbox 721 963 1139 1021">
     <span class='ocr_line' id='line_1_12' title="bbox 721 963 1139 1021; baseline -0.002 -1"><span class='ocrx_word' id='word_1_62' title='bbox 721 971 941 1021; x_wconf 89' lang='lat' dir='ltr'><strong>CAPUT</strong></span> <span class='ocrx_word' id='word_1_63' title='bbox 982 963 1139 1020; x_wconf 68' lang='lat' dir='ltr'><strong>XIV1.</strong></span> 
     </span>
    </p>
   </div>
   <div class='ocr_carea' id='block_1_7' title="bbox 279 1138 1591 1204">
    <p class='ocr_par' dir='ltr' id='par_1_7' title="bbox 279 1138 1591 1204">
     <span class='ocr_line' id='line_1_13' title="bbox 279 1138 1591 1204; baseline 0 -18"><span class='ocrx_word' id='word_1_64' title='bbox 279 1140 502 1187; x_wconf 77' lang='lat' dir='ltr'>Christus</span> <span class='ocrx_word' id='word_1_65' title='bbox 516 1142 644 1187; x_wconf 72' lang='lat' dir='ltr'>intus</span> <span class='ocrx_word' id='word_1_66' title='bbox 665 1138 831 1197; x_wconf 74' lang='lat' dir='ltr'>docet,</span> <span class='ocrx_word' id='word_1_67' title='bbox 856 1139 1000 1187; x_wconf 79' lang='lat' dir='ltr'>homo</span> <span class='ocrx_word' id='word_1_68' title='bbox 1021 1139 1326 1204; x_wconf 75' lang='lat' dir='ltr'>verhz‘sforz&#39;s</span> <span class='ocrx_word' id='word_1_69' title='bbox 1343 1138 1591 1188; x_wconf 79' lang='lat' dir='ltr'>admonet.</span> 
     </span>
    </p>
   </div>
   <div class='ocr_carea' id='block_1_8' title="bbox 226 1289 1639 2429">
    <p class='ocr_par' dir='ltr' id='par_1_8' title="bbox 226 1289 1639 2429">
     <span class='ocr_line' id='line_1_14' title="bbox 288 1289 1635 1354; baseline 0.001 -18"><span class='ocrx_word' id='word_1_70' title='bbox 288 1292 426 1336; x_wconf 89' lang='lat' dir='ltr'><strong>XLV.</strong></span> <span class='ocrx_word' id='word_1_71' title='bbox 465 1292 552 1338; x_wconf 84' lang='lat' dir='ltr'>SED</span> <span class='ocrx_word' id='word_1_72' title='bbox 578 1306 679 1338; x_wconf 87' lang='lat' dir='ltr'>ecce</span> <span class='ocrx_word' id='word_1_73' title='bbox 708 1289 801 1354; x_wconf 30' lang='lat' dir='ltr'>*jam</span> <span class='ocrx_word' id='word_1_74' title='bbox 828 1293 1005 1338; x_wconf 89' lang='lat' dir='ltr'>remitto</span> <span class='ocrx_word' id='word_1_75' title='bbox 1034 1301 1079 1338; x_wconf 88' lang='lat' dir='ltr'>et</span> <span class='ocrx_word' id='word_1_76' title='bbox 1111 1290 1329 1349; x_wconf 83' lang='lat' dir='ltr'>concedo,</span> <span class='ocrx_word' id='word_1_77' title='bbox 1367 1307 1470 1338; x_wconf 90' lang='lat' dir='ltr'>cum</span> <span class='ocrx_word' id='word_1_78' title='bbox 1498 1293 1635 1338; x_wconf 86' lang='lat' dir='ltr'>verba</span> 
     </span>
     <span class='ocr_line' id='line_1_15' title="bbox 228 1361 1637 1425; baseline 0.001 -18"><span class='ocrx_word' id='word_1_79' title='bbox 228 1363 321 1424; x_wconf 84' lang='lat' dir='ltr'>ejus</span> <span class='ocrx_word' id='word_1_80' title='bbox 346 1361 502 1408; x_wconf 88' lang='lat' dir='ltr'>auditu</span> <span class='ocrx_word' id='word_1_81' title='bbox 523 1364 596 1408; x_wconf 91' lang='lat' dir='ltr'>cui</span> <span class='ocrx_word' id='word_1_82' title='bbox 619 1372 724 1417; x_wconf 86' lang='lat' dir='ltr'>nota</span> <span class='ocrx_word' id='word_1_83' title='bbox 750 1372 874 1420; x_wconf 86' lang='lat' dir='ltr'>sunt,</span> <span class='ocrx_word' id='word_1_84' title='bbox 901 1373 1079 1425; x_wconf 87' lang='lat' dir='ltr'>accepta</span> <span class='ocrx_word' id='word_1_85' title='bbox 1097 1362 1288 1420; x_wconf 77' lang='lat' dir='ltr'>fuerint,</span> <span class='ocrx_word' id='word_1_86' title='bbox 1311 1378 1439 1424; x_wconf 88' lang='lat' dir='ltr'>posse</span> <span class='ocrx_word' id='word_1_87' title='bbox 1458 1362 1522 1407; x_wconf 88' lang='lat' dir='ltr'>illi</span> <span class='ocrx_word' id='word_1_88' title='bbox 1545 1379 1637 1409; x_wconf 89' lang='lat' dir='ltr'>csse</span> 
     </span>
     <span class='ocr_line' id='line_1_16' title="bbox 227 1433 1636 1495; baseline 0.001 -18"><span class='ocrx_word' id='word_1_89' title='bbox 227 1443 386 1478; x_wconf 84' lang='lat' dir='ltr'>notum</span> <span class='ocrx_word' id='word_1_90' title='bbox 417 1433 473 1478; x_wconf 86' lang='lat' dir='ltr'>de</span> <span class='ocrx_word' id='word_1_91' title='bbox 496 1434 547 1478; x_wconf 89' lang='lat' dir='ltr'>iis</span> <span class='ocrx_word' id='word_1_92' title='bbox 570 1435 723 1490; x_wconf 77' lang='lat' dir='ltr'>rebus,</span> <span class='ocrx_word' id='word_1_93' title='bbox 749 1450 858 1495; x_wconf 81' lang='lat' dir='ltr'>quas</span> <span class='ocrx_word' id='word_1_94' title='bbox 881 1434 1150 1493; x_wconf 80' lang='lat' dir='ltr'>significant,</span> <span class='ocrx_word' id='word_1_95' title='bbox 1175 1434 1437 1495; x_wconf 86' lang='lat' dir='ltr'>loquentem</span> <span class='ocrx_word' id='word_1_96' title='bbox 1464 1434 1636 1494; x_wconf 84' lang='lat' dir='ltr'>cogita-</span> 
     </span>
     <span class='ocr_line' id='line_1_17' title="bbox 227 1493 1639 1566; baseline 0.001 -16"><span class='ocrx_word' id='word_1_97' title='bbox 227 1505 338 1551; x_wconf 86' lang='lat' dir='ltr'>visse</span> <span class='ocrx_word' id='word_1_98' title='bbox 365 1523 375 1549; x_wconf 84' lang='lat'>:</span> <span class='ocrx_word' id='word_1_99' title='bbox 400 1493 508 1548; x_wconf 80' lang='lat' dir='ltr'>num</span> <span class='ocrx_word' id='word_1_100' title='bbox 526 1503 626 1549; x_wconf 86' lang='lat' dir='ltr'>idco</span> <span class='ocrx_word' id='word_1_101' title='bbox 651 1505 783 1549; x_wconf 86' lang='lat' dir='ltr'>etiam</span> <span class='ocrx_word' id='word_1_102' title='bbox 806 1504 929 1566; x_wconf 92' lang='lat' dir='ltr'>quod</span> <span class='ocrx_word' id='word_1_103' title='bbox 951 1521 1072 1550; x_wconf 91' lang='lat' dir='ltr'>nunc</span> <span class='ocrx_word' id='word_1_104' title='bbox 1091 1506 1305 1565; x_wconf 82' lang='lat' dir='ltr'>quaeritur</span> <span class='ocrx_word' id='word_1_105' title='bbox 1321 1540 1332 1560; x_wconf 85' lang='lat'><strong>‚</strong></span> <span class='ocrx_word' id='word_1_106' title='bbox 1357 1514 1509 1550; x_wconf 87' lang='lat' dir='ltr'>utrum</span> <span class='ocrx_word' id='word_1_107' title='bbox 1534 1521 1639 1552; x_wconf 85' lang='lat' dir='ltr'>vera</span> 
     </span>
     <span class='ocr_line' id='line_1_18' title="bbox 229 1575 1639 1637; baseline 0.001 -17"><span class='ocrx_word' id='word_1_108' title='bbox 229 1576 384 1620; x_wconf 82' lang='lat' dir='ltr'>dixerit</span> <span class='ocrx_word' id='word_1_109' title='bbox 399 1611 409 1631; x_wconf 82' lang='lat'><strong>‚</strong></span> <span class='ocrx_word' id='word_1_110' title='bbox 436 1575 594 1620; x_wconf 76' lang='lat' dir='ltr'>discit?</span> <span class='ocrx_word' id='word_1_111' title='bbox 614 1577 733 1621; x_wconf 87' lang='lat' dir='ltr'>Num</span> <span class='ocrx_word' id='word_1_112' title='bbox 755 1577 841 1620; x_wconf 91' lang='lat' dir='ltr'>hoc</span> <span class='ocrx_word' id='word_1_113' title='bbox 862 1575 1054 1634; x_wconf 78' lang='lat' dir='ltr'>magistri</span> <span class='ocrx_word' id='word_1_114' title='bbox 1076 1576 1358 1635; x_wconf 86' lang='lat' dir='ltr'>profitentur,</span> <span class='ocrx_word' id='word_1_115' title='bbox 1379 1585 1430 1621; x_wconf 88' lang='lat' dir='ltr'>ut</span> <span class='ocrx_word' id='word_1_116' title='bbox 1447 1577 1639 1637; x_wconf 86' lang='lat' dir='ltr'>cogitata</span> 
     </span>
     <span class='ocr_line' id='line_1_19' title="bbox 227 1645 1635 1708; baseline 0.001 -17"><span class='ocrx_word' id='word_1_117' title='bbox 227 1661 402 1702; x_wconf 77' lang='lat' dir='ltr'>eorum,</span> <span class='ocrx_word' id='word_1_118' title='bbox 435 1661 484 1690; x_wconf 88' lang='lat' dir='ltr'>ac</span> <span class='ocrx_word' id='word_1_119' title='bbox 505 1661 597 1690; x_wconf 91' lang='lat' dir='ltr'>non</span> <span class='ocrx_word' id='word_1_120' title='bbox 618 1646 724 1706; x_wconf 79' lang='lat' dir='ltr'>ipsae</span> <span class='ocrx_word' id='word_1_121' title='bbox 744 1645 986 1706; x_wconf 83' lang='lat' dir='ltr'>disciplinae</span> <span class='ocrx_word' id='word_1_122' title='bbox 1008 1662 1116 1707; x_wconf 84' lang='lat' dir='ltr'>quas</span> <span class='ocrx_word' id='word_1_123' title='bbox 1141 1645 1368 1708; x_wconf 85' lang='lat' dir='ltr'>loquendo</span> <span class='ocrx_word' id='word_1_124' title='bbox 1396 1663 1440 1692; x_wconf 90' lang='lat' dir='ltr'>se</span> <span class='ocrx_word' id='word_1_125' title='bbox 1462 1647 1635 1694; x_wconf 82' lang='lat' dir='ltr'>tradere</span> 
     </span>
     <span class='ocr_line' id='line_1_20' title="bbox 226 1718 1635 1782; baseline 0.001 -17"><span class='ocrx_word' id='word_1_126' title='bbox 226 1728 411 1781; x_wconf 82' lang='lat' dir='ltr'>putant,</span> <span class='ocrx_word' id='word_1_127' title='bbox 451 1718 751 1779; x_wconf 78' lang='lat' dir='ltr'>percipiantur</span> <span class='ocrx_word' id='word_1_128' title='bbox 785 1728 917 1780; x_wconf 86' lang='lat' dir='ltr'>atque</span> <span class='ocrx_word' id='word_1_129' title='bbox 958 1721 1221 1764; x_wconf 77' lang='lat' dir='ltr'>teneantur?</span> <span class='ocrx_word' id='word_1_130' title='bbox 1257 1722 1370 1766; x_wconf 88' lang='lat' dir='ltr'>Nam</span> <span class='ocrx_word' id='word_1_131' title='bbox 1408 1721 1506 1782; x_wconf 87' lang='lat' dir='ltr'>quis</span> <span class='ocrx_word' id='word_1_132' title='bbox 1543 1730 1635 1766; x_wconf 90' lang='lat' dir='ltr'>tam</span> 
     </span>
     <span class='ocr_line' id='line_1_21' title="bbox 228 1789 1636 1851; baseline 0.001 -15"><span class='ocrx_word' id='word_1_133' title='bbox 228 1790 361 1836; x_wconf 81' lang='lat' dir='ltr'>stulte</span> <span class='ocrx_word' id='word_1_134' title='bbox 379 1790 575 1835; x_wconf 88' lang='lat' dir='ltr'>curiosus</span> <span class='ocrx_word' id='word_1_135' title='bbox 593 1799 657 1834; x_wconf 87' lang='lat' dir='ltr'>est</span> <span class='ocrx_word' id='word_1_136' title='bbox 672 1825 683 1846; x_wconf 82' lang='grc'>,</span> <span class='ocrx_word' id='word_1_137' title='bbox 709 1790 787 1851; x_wconf 87' lang='lat' dir='ltr'>qui</span> <span class='ocrx_word' id='word_1_138' title='bbox 798 1789 941 1835; x_wconf 75' lang='lat' dir='ltr'>filium</span> <span class='ocrx_word' id='word_1_139' title='bbox 962 1806 1094 1836; x_wconf 88' lang='lat' dir='ltr'>suum</span> <span class='ocrx_word' id='word_1_140' title='bbox 1110 1791 1258 1836; x_wconf 87' lang='lat' dir='ltr'>mittat</span> <span class='ocrx_word' id='word_1_141' title='bbox 1273 1791 1320 1835; x_wconf 92' lang='lat' dir='ltr'>in</span> <span class='ocrx_word' id='word_1_142' title='bbox 1343 1790 1561 1849; x_wconf 80' lang='lat' dir='ltr'>scholam,</span> <span class='ocrx_word' id='word_1_143' title='bbox 1584 1801 1636 1837; x_wconf 87' lang='lat' dir='ltr'>ut</span> 
     </span>
     <span class='ocr_line' id='line_1_22' title="bbox 228 1860 1636 1924; baseline 0 -16"><span class='ocrx_word' id='word_1_144' title='bbox 228 1862 338 1924; x_wconf 89' lang='lat' dir='ltr'>quid</span> <span class='ocrx_word' id='word_1_145' title='bbox 367 1860 572 1921; x_wconf 82' lang='lat' dir='ltr'>magister</span> <span class='ocrx_word' id='word_1_146' title='bbox 605 1862 765 1921; x_wconf 80' lang='lat' dir='ltr'>cogitet</span> <span class='ocrx_word' id='word_1_147' title='bbox 796 1861 960 1907; x_wconf 73' lang='lat' dir='ltr'>discat?</span> <span class='ocrx_word' id='word_1_148' title='bbox 981 1864 1040 1907; x_wconf 86' lang='lat' dir='ltr'>At</span> <span class='ocrx_word' id='word_1_149' title='bbox 1071 1863 1173 1908; x_wconf 88' lang='lat' dir='ltr'>istas</span> <span class='ocrx_word' id='word_1_150' title='bbox 1207 1878 1359 1908; x_wconf 87' lang='lat' dir='ltr'>omnes</span> <span class='ocrx_word' id='word_1_151' title='bbox 1384 1862 1636 1924; x_wconf 87' lang='lat' dir='ltr'>disciplinas</span> 
     </span>
     <span class='ocr_line' id='line_1_23' title="bbox 228 1930 1636 1996; baseline 0.001 -18"><span class='ocrx_word' id='word_1_152' title='bbox 228 1949 338 1995; x_wconf 83' lang='lat' dir='ltr'>quas</span> <span class='ocrx_word' id='word_1_153' title='bbox 369 1948 414 1978; x_wconf 88' lang='lat' dir='ltr'>se</span> <span class='ocrx_word' id='word_1_154' title='bbox 446 1930 605 1977; x_wconf 83' lang='lat' dir='ltr'>¹docere</span> <span class='ocrx_word' id='word_1_155' title='bbox 632 1933 914 1993; x_wconf 85' lang='lat' dir='ltr'>profitentur,</span> <span class='ocrx_word' id='word_1_156' title='bbox 946 1933 1170 1995; x_wconf 89' lang='lat' dir='ltr'>ipsiusque</span> <span class='ocrx_word' id='word_1_157' title='bbox 1201 1933 1374 1980; x_wconf 87' lang='lat' dir='ltr'>virtutis</span> <span class='ocrx_word' id='word_1_158' title='bbox 1402 1943 1535 1996; x_wconf 87' lang='lat' dir='ltr'>atque</span> <span class='ocrx_word' id='word_1_159' title='bbox 1565 1950 1636 1981; x_wconf 87' lang='lat' dir='ltr'>sa-</span> 
     </span>
     <span class='ocr_line' id='line_1_24' title="bbox 227 2003 1632 2067; baseline 0.001 -18"><span class='ocrx_word' id='word_1_160' title='bbox 227 2004 407 2066; x_wconf 82' lang='lat' dir='ltr'>pientiae</span> <span class='ocrx_word' id='word_1_161' title='bbox 423 2039 434 2060; x_wconf 81' lang='grc'>,</span> <span class='ocrx_word' id='word_1_162' title='bbox 462 2019 562 2049; x_wconf 88' lang='lat' dir='ltr'>cum</span> <span class='ocrx_word' id='word_1_163' title='bbox 593 2003 737 2049; x_wconf 88' lang='lat' dir='ltr'>verbis</span> <span class='ocrx_word' id='word_1_164' title='bbox 759 2004 1072 2065; x_wconf 84' lang='lat' dir='ltr'>explicaverint</span> <span class='ocrx_word' id='word_1_165' title='bbox 1087 2040 1098 2061; x_wconf 81' lang='grc'><em>,</em></span> <span class='ocrx_word' id='word_1_166' title='bbox 1124 2014 1221 2050; x_wconf 91' lang='lat' dir='ltr'>tum</span> <span class='ocrx_word' id='word_1_167' title='bbox 1241 2004 1305 2050; x_wconf 79' lang='lat' dir='ltr'>iffi</span> <span class='ocrx_word' id='word_1_168' title='bbox 1327 2005 1405 2067; x_wconf 89' lang='lat' dir='ltr'>qui</span> <span class='ocrx_word' id='word_1_169' title='bbox 1427 2005 1632 2067; x_wconf 87' lang='lat' dir='ltr'>discipuli</span> 
     </span>
     <span class='ocr_line' id='line_1_25' title="bbox 228 2075 1631 2139; baseline 0 -16"><span class='ocrx_word' id='word_1_170' title='bbox 228 2085 460 2132; x_wconf 79' lang='lat' dir='ltr'>vocantur,</span> <span class='ocrx_word' id='word_1_171' title='bbox 484 2085 637 2121; x_wconf 86' lang='lat' dir='ltr'>utrum</span> <span class='ocrx_word' id='word_1_172' title='bbox 659 2091 761 2122; x_wconf 85' lang='lat' dir='ltr'>vera</span> <span class='ocrx_word' id='word_1_173' title='bbox 782 2075 899 2123; x_wconf 87' lang='lat' dir='ltr'>dicta</span> <span class='ocrx_word' id='word_1_174' title='bbox 931 2077 1039 2134; x_wconf 81' lang='lat' dir='ltr'>sint,</span> <span class='ocrx_word' id='word_1_175' title='bbox 1065 2076 1186 2138; x_wconf 86' lang='lat' dir='ltr'>apud</span> <span class='ocrx_word' id='word_1_176' title='bbox 1212 2078 1465 2139; x_wconf 80' lang='lat' dir='ltr'>semetipsos</span> <span class='ocrx_word' id='word_1_177' title='bbox 1486 2078 1631 2123; x_wconf 89' lang='lat' dir='ltr'>consi-</span> 
     </span>
     <span class='ocr_line' id='line_1_26' title="bbox 227 2146 1633 2210; baseline 0.001 -17"><span class='ocrx_word' id='word_1_178' title='bbox 227 2147 409 2203; x_wconf 78' lang='lat' dir='ltr'>derant,</span> <span class='ocrx_word' id='word_1_179' title='bbox 446 2146 700 2192; x_wconf 81' lang='lat' dir='ltr'>interiorem</span> <span class='ocrx_word' id='word_1_180' title='bbox 735 2147 898 2193; x_wconf 89' lang='lat' dir='ltr'>scilicet</span> <span class='ocrx_word' id='word_1_181' title='bbox 929 2147 1050 2193; x_wconf 81' lang='lat' dir='ltr'>illam</span> <span class='ocrx_word' id='word_1_182' title='bbox 1086 2149 1315 2194; x_wconf 86' lang='lat' dir='ltr'>veritatem</span> <span class='ocrx_word' id='word_1_183' title='bbox 1353 2165 1434 2210; x_wconf 87' lang='lat' dir='ltr'>pro</span> <span class='ocrx_word' id='word_1_184' title='bbox 1466 2149 1633 2195; x_wconf 89' lang='lat' dir='ltr'>viribus</span> 
     </span>
     <span class='ocr_line' id='line_1_27' title="bbox 228 2219 1633 2279; baseline 0.001 -15"><span class='ocrx_word' id='word_1_185' title='bbox 228 2219 466 2264; x_wconf 86' lang='lat' dir='ltr'>intuentes.</span> <span class='ocrx_word' id='word_1_186' title='bbox 487 2221 611 2264; x_wconf 88' lang='lat' dir='ltr'>Tunc</span> <span class='ocrx_word' id='word_1_187' title='bbox 626 2235 730 2279; x_wconf 83' lang='lat' dir='ltr'>ergo</span> <span class='ocrx_word' id='word_1_188' title='bbox 746 2219 922 2265; x_wconf 88' lang='lat' dir='ltr'>discunt</span> <span class='ocrx_word' id='word_1_189' title='bbox 939 2239 947 2265; x_wconf 76' lang='grc' dir='ltr'>ε</span> <span class='ocrx_word' id='word_1_190' title='bbox 966 2229 1009 2265; x_wconf 91' lang='lat' dir='ltr'>et</span> <span class='ocrx_word' id='word_1_191' title='bbox 1023 2236 1126 2265; x_wconf 91' lang='lat' dir='ltr'>cum</span> <span class='ocrx_word' id='word_1_192' title='bbox 1141 2236 1244 2265; x_wconf 90' lang='lat' dir='ltr'>vera</span> <span class='ocrx_word' id='word_1_193' title='bbox 1262 2220 1378 2266; x_wconf 86' lang='lat' dir='ltr'>dicta</span> <span class='ocrx_word' id='word_1_194' title='bbox 1400 2236 1491 2266; x_wconf 88' lang='lat' dir='ltr'>esse</span> <span class='ocrx_word' id='word_1_195' title='bbox 1512 2221 1633 2266; x_wconf 91' lang='lat' dir='ltr'>intus</span> 
     </span>
     <span class='ocr_line' id='line_1_28' title="bbox 229 2291 1630 2355; baseline 0.001 -19"><span class='ocrx_word' id='word_1_196' title='bbox 229 2291 503 2345; x_wconf 86' lang='lat' dir='ltr'>invenerint,</span> <span class='ocrx_word' id='word_1_197' title='bbox 531 2291 741 2348; x_wconf 77' lang='lat' dir='ltr'>laudant⁷</span> <span class='ocrx_word' id='word_1_198' title='bbox 779 2293 1021 2338; x_wconf 87' lang='lat' dir='ltr'>nescientes</span> <span class='ocrx_word' id='word_1_199' title='bbox 1055 2309 1145 2338; x_wconf 90' lang='lat' dir='ltr'>non</span> <span class='ocrx_word' id='word_1_200' title='bbox 1174 2309 1218 2338; x_wconf 92' lang='lat' dir='ltr'>se</span> <span class='ocrx_word' id='word_1_201' title='bbox 1251 2293 1452 2339; x_wconf 86' lang='lat' dir='ltr'>doctores</span> <span class='ocrx_word' id='word_1_202' title='bbox 1483 2293 1630 2355; x_wconf 89' lang='lat' dir='ltr'>potius</span> 
     </span>
     <span class='ocr_line' id='line_1_29' title="bbox 229 2362 1632 2429; baseline 0.002 -22"><span class='ocrx_word' id='word_1_203' title='bbox 229 2362 412 2408; x_wconf 84' lang='lat' dir='ltr'>laudare</span> <span class='ocrx_word' id='word_1_204' title='bbox 444 2380 577 2425; x_wconf 89' lang='lat' dir='ltr'>quam</span> <span class='ocrx_word' id='word_1_205' title='bbox 609 2365 791 2422; x_wconf 59' lang='lat' dir='ltr'>doctosg</span> <span class='ocrx_word' id='word_1_206' title='bbox 823 2365 857 2410; x_wconf 88' lang='lat' dir='ltr'>si</span> <span class='ocrx_word' id='word_1_207' title='bbox 889 2375 1037 2410; x_wconf 87' lang='lat' dir='ltr'>tamen</span> <span class='ocrx_word' id='word_1_208' title='bbox 1069 2376 1113 2410; x_wconf 87' lang='lat' dir='ltr'>et</span> <span class='ocrx_word' id='word_1_209' title='bbox 1146 2364 1210 2410; x_wconf 88' lang='lat' dir='ltr'>illi</span> <span class='ocrx_word' id='word_1_210' title='bbox 1242 2366 1363 2428; x_wconf 85' lang='lat' dir='ltr'>quod</span> <span class='ocrx_word' id='word_1_211' title='bbox 1384 2367 1632 2429; x_wconf 88' lang='lat' dir='ltr'>loquuntur</span> 
     </span>
    </p>
   </div>
   <div class='ocr_carea' id='block_1_9' title="bbox 229 2467 1631 2570">
    <p class='ocr_par' dir='ltr' id='par_1_9' title="bbox 229 2467 1631 2570">
     <span class='ocr_line' id='line_1_30' title="bbox 278 2467 1631 2518; baseline 0.003 -14"><span class='ocrx_word' id='word_1_212' title='bbox 278 2479 287 2495; x_wconf 89' lang='lat'>¹</span> <span class='ocrx_word' id='word_1_213' title='bbox 311 2474 346 2505; x_wconf 89' lang='lat' dir='ltr'>In</span> <span class='ocrx_word' id='word_1_214' title='bbox 360 2473 524 2506; x_wconf 82' lang='lat' dir='ltr'>vctcribus</span> <span class='ocrx_word' id='word_1_215' title='bbox 543 2475 635 2507; x_wconf 78' lang='lat' dir='ltr'>editis</span> <span class='ocrx_word' id='word_1_216' title='bbox 652 2467 750 2517; x_wconf 67' lang='lat' dir='ltr'>caput</span> <span class='ocrx_word' id='word_1_217' title='bbox 768 2475 851 2507; x_wconf 80' lang='lat' dir='ltr'>male</span> <span class='ocrx_word' id='word_1_218' title='bbox 865 2475 978 2516; x_wconf 79' lang='lat' dir='ltr'>incipit</span> <span class='ocrx_word' id='word_1_219' title='bbox 992 2475 1030 2507; x_wconf 78' lang='lat' dir='ltr'>nd</span> <span class='ocrx_word' id='word_1_220' title='bbox 1046 2476 1145 2508; x_wconf 74' lang='lat' dir='ltr'>vei-bn</span> <span class='ocrx_word' id='word_1_221' title='bbox 1162 2477 1327 2518; x_wconf 61' lang='lat' dir='ltr'>sequentia</span> <span class='ocrx_word' id='word_1_222' title='bbox 1346 2489 1352 2508; x_wconf 75' lang='grc' dir='ltr'>ε</span> <span class='ocrx_word' id='word_1_223' title='bbox 1374 2478 1465 2509; x_wconf 70' lang='lat' dir='ltr'>Num</span> <span class='ocrx_word' id='word_1_224' title='bbox 1485 2476 1631 2509; x_wconf 68' lang='lat' dir='ltr'>hecma-</span> 
     </span>
     <span class='ocr_line' id='line_1_31' title="bbox 229 2528 427 2570; baseline 0 -11"><span class='ocrx_word' id='word_1_225' title='bbox 229 2528 348 2570; x_wconf 75' lang='lat' dir='ltr'>gistrz&#39;,</span> <span class='ocrx_word' id='word_1_226' title='bbox 363 2533 427 2560; x_wconf 73' lang='lat' dir='ltr'>etc.</span> 
     </span>
    </p>
   </div>
  </div>
 </body>
</html>
