1888 3168
266 218 349 257 450
708 230 741 256 s.
778 228 1009 258 Aucusnm
1041 229 1222 257 EPtSCOPI

261 307 392 357 atque
414 295 472 340 ita
493 294 699 355 deinceps
720 295 766 340 in
783 305 877 342 toto
890 310 1002 356 pene
1019 295 1226 340 carmine.
1248 298 1309 340 M.
1334 297 1495 341 Verum
1511 297 1619 343 dicis
1639 316 1647 342 ε

259 365 337 412 sed
358 364 600 411 videndum
622 365 704 410 tibi
722 374 808 422 est,
832 381 942 427 quos
971 363 1104 425 pedes
1125 364 1337 420 metiaris,
1363 373 1414 408 ut
1444 365 1555 410 nihil
1576 381 1651 411 su-

258 439 481 499 periorum
512 438 662 499 legum
692 439 784 499 jam
820 438 1077 482 inconcusse
1117 436 1455 481 constitutarum
1490 435 1654 483 violare

258 509 432 556 audeas.
458 514 509 556 D.
536 512 799 571 Quanquam
832 508 940 553 mihi
967 507 1068 552 satis
1101 507 1212 552 ratio
1240 517 1471 569 appareat,
1506 516 1654 554 tamen

259 582 453 628 novitate
471 580 726 627 conturbor.
754 582 854 626 Non
875 579 993 624 enim
1013 577 1201 623 solemus
1223 578 1269 623 in
1293 579 1376 624 hoc
1399 593 1557 639 genere
1574 579 1655 624 nisi

257 654 505 713 spondeum
522 653 682 714 pedem
701 661 745 696 et
767 650 994 710 dactylum
1016 648 1246 706 scandere,
1273 649 1396 712 quod
1412 665 1542 696 nemo
1564 649 1655 706 fere

258 735 322 769 est
355 734 443 770 tam
477 725 681 770 indoctus
704 723 813 785 quin
834 722 1043 778 audierit,
1076 722 1244 767 etiamsi
1267 723 1412 767 minus
1434 722 1480 768 id
1512 721 1656 768 facere

258 797 408 857 possit.
436 800 559 842 Hanc
582 811 685 855 ergo
707 794 1123 856 pervulgatissimam
1155 794 1521 840 consuetudinem
1537 809 1656 839 nunc

259 869 294 913 si
312 869 433 930 sequi
445 867 626 913 voluero
638 903 649 922 ,
665 866 734 912 lex
747 866 820 912 illa
834 867 1009 912 termini
1026 876 1090 912 est
1103 867 1355 927 abroganda
1376 887 1384 913 :
1404 866 1656 927 praecedens

260 941 378 985 enim
401 939 650 985 membrum
683 938 902 1000 semipede
924 937 1225 995 clauderetur,
1262 939 1476 999 posterius
1510 948 1657 984 autem

259 1013 392 1073 pleno
410 1012 521 1074 pede
537 1033 546 1070 3
562 1010 682 1074 quod
702 1021 854 1057 contra
869 1026 958 1056 esse
972 1010 1141 1056 debuit.
1168 1010 1252 1057 Sed
1269 1012 1371 1073 quia
1383 1010 1502 1056 illam
1514 1011 1658 1071 legem

260 1084 583 1145 iniquissimum
606 1092 669 1128 est
693 1082 868 1138 tollere,
895 1083 1002 1128 etin
1034 1083 1226 1127 numeris
1249 1084 1340 1144 jam
1374 1081 1507 1127 didici
1534 1097 1659 1143 posse

260 1156 355 1201 fieri
369 1193 385 1213 ,
409 1170 460 1200 ut
489 1171 579 1200 non
602 1172 624 1200 a
652 1155 784 1216 pleno
805 1154 916 1215 pede
939 1154 1184 1210 ordiamur,
1217 1164 1348 1200 restat
1382 1164 1431 1199 ut
1458 1170 1549 1199 non
1585 1153 1658 1198 1110

261 1226 488 1286 dactylum
501 1243 603 1273 011111
621 1225 816 1288 spondeo
829 1260 840 1282 ,
865 1225 942 1270 sed
959 1235 1231 1286 anapaestum
1243 1225 1377 1270 locari
1390 1225 1655 1286 judicemus,

261 1308 312 1343 ut
334 1299 514 1359 incipiat
534 1314 683 1344 versus
702 1314 725 1342 a
744 1296 875 1356 longa
896 1312 986 1341 una
1014 1295 1206 1354 syllaba,
1233 1295 1392 1341 deinde
1415 1296 1504 1341 duo
1527 1295 1661 1356 pedes

262 1370 333 1415 vel
355 1371 538 1432 spondei
555 1369 626 1416 vel
643 1369 850 1430 anapaesti
870 1368 1057 1413 alterum
1080 1368 1332 1412 membrum
1353 1368 1550 1429 superius
1575 1376 1663 1412 ter-

260 1443 454 1498 minent,
484 1458 587 1487 cum
614 1451 700 1486 tres
723 1457 869 1486 rursus
895 1440 1083 1486 alterum
1103 1439 1174 1485 vel
1195 1441 1403 1500 anapaesti
1424 1439 1496 1485 vel
1515 1438 1662 1500 quoli-

263 1514 340 1560 bet
356 1514 454 1560 1000
468 1512 688 1575 spondeus
704 1548 715 1568 ,
736 1516 824 1558 sive
845 1512 1049 1558 omnibus
1067 1547 1078 1568 ,
1111 1521 1155 1556 et
1175 1512 1221 1555 in
1242 1511 1330 1556 fine
1351 1527 1438 1556 una
1467 1510 1660 1570 syllaba,

265 1602 355 1646 qua
377 1601 526 1631 versus
542 1584 734 1644 legitime
751 1583 1026 1628 terminatur.
1054 1582 1298 1626 Probas-ne
1316 1591 1359 1626 et
1375 1582 1421 1626 id
1438 1584 1456 1626 Ρ

321 1660 377 1703 X.
399 1661 461 1704 M.
498 1660 590 1717 Ego
625 1672 804 1718 quoque
832 1655 1122 1700 rectissimum
1154 1670 1244 1699 esse
1269 1653 1449 1716 judico,
1476 1654 1554 1699 sed
1574 1669 1666 1700 non

262 1728 390 1775 facile
403 1730 483 1774 ista
498 1727 664 1789 populo
678 1726 1014 1788 persuadentur.
1043 1729 1181 1771 Tanta
1198 1726 1315 1770 enim
1329 1734 1393 1771 est
1404 1726 1467 1772 Vis
1484 1741 1667 1771 consue-

265 1801 453 1857 tudinis,
479 1811 531 1846 ut
573 1816 623 1846 ea
651 1801 919 1856 inveterata,
959 1799 994 1844 si
1034 1797 1142 1843 falsa
1165 1798 1372 1859 opinione
1405 1798 1550 1858 genita
1571 1808 1662 1854 est,

269 1873 380 1919 nihil
401 1874 454 1919 sit
471 1873 689 1918 inimicius
709 1873 894 1918 veritati.
920 1874 1120 1932 Namque
1143 1870 1200 1915 ad
1220 1869 1473 1915 faciendum
1489 1885 1665 1916 versum

265 1945 375 1990 nihil
397 1945 602 1989 interesse
635 1943 864 2003 intelligis,
890 1952 1040 1988 utrum
1063 1943 1108 1986 111
1137 1942 1222 1986 1100
1246 1957 1404 2001 genere
1421 1950 1667 2002 anapaestus

266 2033 368 2063 cum
407 2016 627 2077 spondeo,
665 2032 720 2060 an
749 2014 950 2073 dactylus
985 2014 1226 2060 collocetur
1255 2033 1264 2060 2
1300 2012 1357 2058 ad
1393 2013 1666 2058 metiendum

266 2101 414 2136 tamen
432 2088 773 2145 rationabiliter,
805 2086 927 2148 quod
949 2102 1039 2133 non
1074 2087 1273 2142 aurium,
1314 2078 1391 2130 sed
1411 2085 1570 2130 mentis
1603 2094 1668 2130 est

268 2162 524 2225 proprium,
560 2177 661 2207 vera
689 2169 732 2205 et
766 2170 883 2205 certa
912 2159 1078 2205 ratione
1113 2160 1196 2204 hoc
1213 2195 1223 2214 ,
1255 2173 1346 2204 non
1374 2156 1668 2202 irrationabili

269 2235 475 2295 opinione
498 2233 759 2279 discernitur
778 2252 786 2278 :
808 2248 950 2293 neque
963 2248 1082 2277 nunc
1101 2231 1262 2277 anobis
1283 2231 1477 2292 primum
1489 2231 1666 2276 inventa

270 2316 334 2352 est
352 2342 362 2363 ,
388 2306 463 2350 sed
484 2305 624 2352 multo
647 2313 710 2350 est
729 2305 842 2349 hanc
854 2305 1093 2350 inveterata
1109 2302 1426 2349 consuetudine
1444 2302 1667 2363 antiquius

270 2378 583 2425 animadversa.
607 2381 751 2432 Quare
773 2379 807 2424 si
829 2394 902 2424 eos
923 2378 1069 2438 legant
1099 2378 1176 2439 qui
1208 2377 1278 2423 vel
1299 2378 1345 2422 in
1365 2393 1505 2437 graeca
1526 2376 1596 2422 vel
1621 2376 1666 2421 in

269 2450 405 2497 latina
425 2451 577 2510 lingua
612 2445 853 2511 disciplin'ae
880 2451 1011 2512 hujus
1048 2450 1289 2496 doctissimi
1326 2449 1531 2506 fuerunt,
1572 2463 1664 2494 non

272 2524 550 2569 mirabuntur
563 2523 691 2568 nimis
708 2523 786 2585 qui
808 2522 920 2569 forte
941 2524 1025 2569 hoc
1042 2522 1260 2569 audierint
1277 2543 1286 2569 z
1306 2537 1562 2585 quanquam
1577 2537 1663 2583 pu-

273 2595 349 2641 det
369 2594 678 2642 imbecillitatis
693 2630 704 2651 ,
726 2610 827 2641 011111
848 2595 1005 2641 rationi
1026 2595 1285 2642 roborandae
1306 2596 1538 2642 hominum
1555 2610 1661 2641 auc-
