1883 3194
457 165 621 194 CONTRA
655 164 919 193 AcADEMicos
952 166 1078 192 1111611
1111 166 1178 191 111.
1464 156 1520 193 79

120 231 406 289 adversarius,
432 231 555 294 quod
577 248 601 277 a
618 241 694 278 tua
713 231 988 277 humanitate
1008 229 1312 289 longissimum
1327 239 1392 275 est
1408 265 1419 287 ,
1438 231 1523 276 mi-

119 303 236 349 nutis
265 302 348 348 illis
372 300 466 349 telis
489 304 566 348 abs
590 313 633 348 te
646 305 738 364 jam
759 302 957 362 captivus
981 301 1218 346 excrucier.
1523 349 1527 352 ,

176 377 275 420 XV.
309 378 457 436 Atque
479 390 561 434 ego
581 392 683 421 cum
705 385 749 421 et
771 374 868 420 illos
891 375 975 419 hoc
993 383 1223 434 expectare
1245 373 1524 420 animadver-

119 457 274 504 terem,
298 447 424 509 quasi
441 447 563 492 aliud
583 449 801 508 ingressus
822 446 1051 492 exordium
1067 482 1078 503 ,
1104 449 1274 491 Morem
1287 482 1299 502 ,
1321 446 1520 507 inquam,

118 520 243 565 vobis
266 535 429 580 geram.
454 523 514 565 Et
534 521 734 582 quamvis
754 530 853 582 post
872 519 995 565 illum
1015 518 1213 564 laborem
1238 517 1398 564 scholae
1420 519 1523 563 rhe-

119 591 267 636 toricae
282 591 329 636 in
345 592 427 637 hac
444 608 515 636 me
535 591 622 638 levi
640 602 860 654 armatura
881 590 1084 636 nonnihil
1113 589 1419 651 requieturum
1433 606 1524 636 esse

120 679 507 724 praesumpseram,
532 674 584 709 ut
596 663 912 725 interrogando
926 664 1007 708 ista
1028 662 1176 724 potius
1197 678 1371 723 agerem
1388 678 1525 724 quam

119 733 307 780 dicendo
325 755 334 782 :
351 745 500 780 tamen
515 736 618 797 quia
638 745 682 781 et
698 736 949 797 paucissimi
963 750 1131 791 sumus,
1145 743 1196 779 ut
1209 733 1398 780 clamare
1414 734 1522 779 mihi

117 816 268 852 contra
280 807 580 854 valetudinem
597 824 740 853 meam
763 825 854 854 non
871 809 926 853 sit
947 823 1135 863 necesse,
1148 816 1191 852 et
1213 807 1345 852 istum
1358 806 1525 865 stylum

118 894 248 924 causa
281 878 478 940 ejusdem
524 879 675 925 salutis
712 881 837 942 quasi
879 879 1075 939 aurigam
1113 879 1525 939 moderatoremque

117 951 329 995 sermonis
342 952 431 996 mei
448 967 540 996 esse
559 951 697 1008 volui,
714 968 771 996 116
790 950 1050 997 concitatius
1066 950 1208 1011 rapiar
1223 949 1370 995 animo
1389 964 1524 1010 quam

117 1036 221 1067 cura
245 1023 439 1084 corporis
458 1024 614 1084 poscit,
651 1033 884 1085 perpetua,
909 1032 961 1067 ut
980 1022 1132 1079 vultis,
1158 1022 1356 1067 oratione
1374 1019 1524 1066 audite

116 1093 227 1155 quid
243 1096 443 1140 sentiam.
473 1095 560 1141 Sed
580 1097 724 1157 primo
748 1095 861 1141 illud
888 1095 1115 1141 videamus
1145 1094 1277 1156 quale
1299 1093 1379 1150 311,
1405 1092 1525 1138 unde

117 1172 331 1212 amatores
347 1167 714 1213 Academicorum
736 1167 913 1227 gloriari
934 1166 1123 1211 nimium
1144 1165 1302 1211 solent.
1327 1167 1440 1211 Nam
1460 1173 1526 1210 est

116 1236 163 1281 in
204 1236 347 1283 libris
370 1239 593 1284 Ciceronis
609 1275 620 1295 ,
658 1255 769 1300 quos
802 1239 849 1283 in
878 1238 1012 1298 hujus
1050 1253 1193 1282 causae
1228 1236 1525 1297 patrocinium

116 1309 303 1369 scripsit,
332 1309 455 1355 106113
477 1310 678 1371 quidam,
701 1320 753 1355 ut
777 1310 886 1354 mihi
910 1308 1109 1365 videtur,
1136 1309 1245 1353 mira
1273 1307 1525 1352 urbanitate

116 1380 338 1438 conditus,
364 1391 415 1426 ut
437 1381 664 1427 nonnullis
683 1391 832 1426 autem
847 1416 858 1438 ,
892 1380 1025 1425 etiam
1042 1380 1250 1425 firmitate
1271 1379 1522 1425 roboratus.

115 1453 305 1499 Difficile
328 1463 394 1500 est
413 1470 591 1516 prorsus
607 1490 618 1511 ,
643 1464 696 1500 ut
711 1469 983 1516 quemquam
1012 1469 1105 1498 non
1125 1462 1302 1499 moveat
1318 1451 1442 1514 quod
1462 1451 1526 1497 ibi

116 1522 288 1571 dictum
316 1535 404 1583 est,
435 1525 702 1572 Academico
726 1525 914 1587 sapienti
945 1524 1002 1570 ab
1031 1525 1238 1570 omnibus
1265 1533 1526 1570 caeterarum

115 1607 335 1644 sectarum
348 1598 426 1661 qui
438 1598 522 1645 sibi
533 1599 751 1660 sapientes
771 1597 999 1655 videntur,
1015 1598 1230 1644 secundas
1246 1607 1392 1659 partes
1409 1596 1523 1654 dari,

115 1686 220 1717 cum
237 1671 402 1733 primas
426 1671 511 1716 31111
536 1687 763 1733 quemque
784 1671 1010 1717 vindicare
1040 1686 1216 1717 necesse
1243 1671 1313 1716 sit.
1344 1673 1413 1716 Ex
1433 1685 1526 1732 quo

115 1757 243 1803 posse
264 1739 556 1804 probabiliter
578 1743 753 1800 confici,
775 1758 877 1788 eum
898 1751 1017 1788 recte
1038 1743 1233 1804 primum
1251 1757 1342 1788 esse
1354 1740 1526 1805 judicio

116 1828 214 1871 suo,
233 1811 313 1876 qui
329 1815 531 1861 omnium
548 1824 811 1861 caeterorum
823 1814 994 1876 judicio
1010 1816 1066 1860 sit
1087 1813 1324 1861 secundus.

90 1890 98 1898 ’
175 1889 299 1934 XVI.
333 1890 424 1934 Fac
456 1888 591 1945 enim,
623 1888 749 1935 verbi
770 1903 928 1944 causa,
959 1890 1159 1934 Stoicum
1180 1887 1330 1933 adesse
1351 1886 1526 1948 sapien-

117 1968 225 2016 tem,
260 1974 366 2005 nam
391 1969 546 2006 contra
572 1976 645 2005 eos
666 1960 941 2021 potissimum
963 1960 1333 2005 Academicorum
1365 1960 1527 2005 exarsit

117 2030 361 2091 ingenium.
389 2032 509 2090 Ergo
547 2032 666 2076 Zeno
699 2030 771 2077 vel
799 2030 1073 2092 Chrysippus
1101 2031 1136 2075 si
1166 2030 1521 2091 interrogentur,

118 2102 217 2164 quis
229 2101 286 2147 sit
302 2102 471 2163 sapiens
494 2137 505 2159 ,
528 2102 815 2164 respondebit
836 2117 938 2146 eum
957 2118 1050 2147 esse
1067 2118 1199 2164 quem
1221 2102 1314 2163 ipse
1331 2102 1527 2164 descrip-

119 2175 237 2220 serit.
263 2176 429 2220 Contra
450 2175 668 2236 Epicurus
698 2174 769 2220 vel
799 2174 896 2236 quis
921 2174 1031 2219 alius
1064 2174 1411 2220 adversariorum
1445 2190 1526 2220 ne·-

122 2246 258 2307 gabit,
283 2261 503 2307 suumque
518 2247 665 2307 potius
678 2246 989 2307 peritissimum
1001 2242 1282 2307 voluptatum
1305 2262 1524 2308 aucupem

120 2318 360 2378 sapientem
381 2332 472 2362 esse
485 2317 738 2363 contendet.
761 2318 872 2362 Inde
890 2318 946 2362 ad
953 2319 1151 2380 jurgium
1169 2318 1367 2364 :Clamat
1385 2321 1522 2375 Zeno,

122 2398 166 2433 et
198 2397 291 2433 tota
324 2387 399 2433 illa
436 2389 629 2450 porticus
669 2388 991 2445 tumultuatur,
1024 2390 1252 2438 hominem
1280 2400 1435 2435 natum
1469 2389 1526 2435 ad

123 2458 233 2505 nihil
255 2473 344 2503 esse
367 2457 487 2506 aliud
514 2476 650 2522 quam
676 2461 951 2505 honestatem
980 2479 988 2505 :
1018 2461 1156 2521 ipsam
1183 2477 1261 2507 suo
1291 2460 1525 2522 splendore

124 2531 168 2577 in
190 2548 234 2578 se
250 2531 417 2579 animos
444 2530 622 2590 ducere,
647 2531 773 2579 nullo
794 2547 971 2592 prorsus
993 2531 1228 2579 commodo
1256 2532 1524 2578 extrinsecus
