1888 3168
591 217 645 243 DE
677 213 833 244 11051οΑ
868 216 952 242 Lis.
993 216 1032 241 v.
1427 199 1513 240 463

117 284 180 331 ab
198 284 310 341 orc's,
325 298 471 330 arma
490 283 733 339 virumque
754 295 895 325 ccmo.
914 278 1045 333 Quod
1067 280 1197 324 etiam
1217 279 1272 325 de
1290 280 1520 324 trocha'i'co

118 370 275 414 genere
301 351 639 412 intelligendum
660 359 739 396 est.
766 352 877 397 Nam
907 349 942 394 si
964 359 1029 394 est
1048 350 1273 395 honestior
1288 385 1300 406 ,
1334 349 1522 396 Beatus

119 425 201 472 ille
233 425 318 485 qai
336 421 511 485 procul
527 422 721 485 negotio
746 438 757 467 .·
788 421 910 484 quod
934 436 1071 481 genus
1091 421 1179 466 isto
1210 431 1522 482 praeposterato

119 499 265 555 tieret,
296 506 347 542 ut
377 505 465 552 est,
509 495 609 559 Qui
639 493 813 555 procul
845 492 1039 556 negotio
1073 491 1241 538 beatas
1281 491 1385 549 ille,
1426 494 1524 538 fieri

119 569 318 630 profecto
335 583 426 614 non
438 575 660 628 oporteret
681 585 690 612 ε
709 575 856 611 tamen
873 565 908 610 si
925 565 1021 627 quis
1034 563 1192 609 audeat
1208 574 1253 609 et
1269 562 1400 609 faciat
1418 563 1525 609 tales

119 656 269 687 versus
288 674 300 696 ,
339 638 622 684 manifestum
642 647 706 683 est
728 653 830 683 eum
852 636 935 682 alia
958 651 1117 697 genera
1136 636 1408 681 senariorum
1436 650 1526 681 esse

120 712 362 768 facturum,
381 711 544 773 quibus
567 711 655 755 sint
671 710 753 755 ista
769 708 967 754 meliora.

178 787 342 829 XXIV.
366 785 421 829 Hi
454 800 558 843 ergo
579 782 848 827 senariorum
873 781 1072 827 omnium
1095 779 1406 843 pulcherrimi,
1436 795 1527 825 non

121 865 364 918 potuerunt
384 855 512 900 ambo
533 855 734 900 obtinere
762 854 1057 898 sinceritatem
1081 868 1205 898 suam
1225 852 1430 898 adversus
1452 851 1529 896 ho-

121 929 292 973 minum
317 927 554 973 licentiam.
580 929 690 973 Nam
712 926 757 970 in
783 926 1006 970 trochaico
1037 940 1214 985 genere,
1244 940 1334 971 non
1358 924 1525 969 senario

121 1001 229 1056 solo,
247 999 323 1045 sed
339 999 458 1045 unde
476 999 620 1043 minus
632 999 784 1059 incipit
801 1013 940 1059 usque
957 997 1011 1042 ad
1023 998 1373 1058 magnitudinem
1386 1007 1529 1042 extre-

122 1088 237 1116 mam
255 1088 355 1132 quae
373 1080 472 1116 octo
490 1069 622 1130 pedes
646 1069 807 1126 habet,
834 1068 1078 1114 miscendos
1101 1073 1241 1129 poetae
1263 1078 1530 1130 putaverunt

122 1153 312 1205 quatuor
340 1153 591 1203 temporum
612 1142 746 1202 pedes
779 1157 951 1197 omnes,
975 1142 1052 1203 qui
1078 1141 1346 1186 adhibentur
1367 1140 1422 1185 ad
1447 1157 1530 1185 nu-

123 1231 265 1260 meros
303 1234 311 1260 :
343 1224 387 1259 et
409 1214 551 1258 Graeci
574 1213 755 1274 quidem
775 1212 952 1258 alternis
970 1213 1075 1257 locis
1093 1213 1234 1273 primo
1259 1222 1304 1257 et
1320 1213 1466 1268 tertio,
1489 1221 1532 1257 et

123 1287 182 1331 ita
205 1286 433 1346 deinceps,
459 1286 494 1330 si
517 1302 540 1329 a
562 1284 783 1346 semipede
806 1300 956 1330 versus
986 1284 1140 1344 incipit
1162 1301 1172 1328 .·
1196 1285 1264 1329 sin
1284 1284 1339 1330 ab
1359 1285 1532 1344 integro

123 1358 332 1413 trochaeo,
358 1357 551 1402 secundo
575 1366 618 1401 et
640 1366 802 1418 quarto
823 1355 945 1411 loco,
973 1365 1107 1416 atque
1130 1356 1190 1400 ita
1213 1355 1418 1416 deinceps
1442 1371 1534 1400 ser-

123 1430 232 1475 vatis
256 1430 522 1485 intervallis,
557 1428 788 1473 memorati
824 1427 1044 1486 longiores
1076 1426 1350 1472 collocantur
1381 1426 1529 1488 pedes.

123 1505 233 1557 Quae
256 1503 481 1562 corruptio
504 1511 553 1546 ut
576 1500 815 1547 tolerabilis
837 1500 978 1556 fieret,
1005 1515 1096 1545 non
1118 1499 1313 1559 singulos
1336 1498 1469 1560 pedes
1488 1500 1536 1544 in

124 1573 232 1619 duas
255 1584 416 1635 partes,
441 1588 632 1635 quarum
648 1588 735 1617 una
757 1571 1005 1627 levationis,
1041 1570 1176 1615 altera
1197 1571 1424 1631 positionis
1446 1580 1532 1626 est,

124 1644 379 1707 plaudendo
397 1644 658 1702 diviserunt,
673 1642 750 1688 sed
766 1658 907 1687 unum
924 1642 1085 1703 pedem
1101 1642 1297 1689 levantes
1311 1678 1322 1699 ,
1348 1642 1537 1688 alterum

125 1726 366 1778 ponenteS,
401 1715 523 1761 unde
555 1716 701 1777 ipsum
730 1713 952 1759 senarium
979 1714 1230 1760 trimetrum
1263 1723 1449 1770 vocant,
1481 1713 1539 1759 ad

126 1789 404 1849 epitritorum
434 1787 694 1833 divisionem
729 1786 933 1847 plausum
964 1785 1226 1831 retulerunt.
1262 1785 1348 1832 Sed
1392 1786 1425 1832 si
1454 1786 1539 1831 hoc

126 1860 283 1906 saltem
310 1868 566 1906 constanter
583 1868 832 1915 teneretur,
848 1858 1051 1919 quamvis
1069 1858 1203 1919 pedes
1217 1858 1381 1919 epitriti
1404 1858 1541 1918 magis

127 1932 335 1978 orationis
353 1932 440 1976 sint
461 1946 596 1992 quam
613 1930 842 1991 poematis,
860 1945 942 1974 nec
952 1931 1046 1991 jam
1060 1931 1269 1986 senarius,
1295 1929 1373 1975 sed
1390 1939 1539 1975 terna-

130 2004 217 2049 rius
238 2019 389 2049 versus
406 2003 695 2059 inveniretur,
716 2018 807 2047 non
824 2011 971 2047 tamen
991 2003 1112 2048 omni
1135 2001 1268 2048 modo
1291 2001 1365 2046 illa
1382 2017 1541 2046 nume-

129 2092 279 2122 rorum
297 2076 589 2122 labefactatur
611 2074 853 2137 aequalitas.
880 2076 1009 2121 Nunc
1032 2091 1136 2121 vero
1154 2085 1347 2137 quatuor
1364 2084 1539 2136 tempo-

129 2165 229 2194 rum
251 2148 401 2210 pedes,
427 2146 672 2193 dummodo
694 2147 741 2191 in
763 2146 870 2192 locis
893 2143 1144 2192 memoratis
1175 2156 1412 2208 ponantur,
1438 2145 1543 2192 licet

130 2238 221 2268 non
243 2220 386 2268 solum
413 2223 461 2266 in
492 2221 698 2267 omnibus
720 2235 908 2281 ponere,
934 2219 1011 2265 sed
1042 2220 1120 2265 ubi
1152 2220 1262 2265 libet
1293 2235 1444 2266 eorum
1462 2255 1473 2277 ,
1499 2228 1544 2264 et

130 2294 333 2355 quotiens
346 2292 469 2338 libet.
485 2293 631 2340 Nostri
651 2307 756 2338 vero
772 2301 956 2348 veteres,
973 2308 1061 2338 nec
1075 2293 1166 2353 ipsa
1187 2291 1388 2337 locorum
1405 2291 1544 2336 inter-

132 2365 246 2412 valla
261 2364 606 2410 intermiscendis
628 2363 937 2425 hujuscemodi
957 2362 1173 2425 pedibus,
1199 2378 1368 2410 servare
1388 2372 1546 2425 potue-

132 2448 250 2484 runt.
279 2441 424 2493 Quare
447 2438 494 2482 in
515 2438 600 2484 hoc
630 2453 787 2498 genere
805 2440 947 2498 poe'tae
973 2437 1055 2482 ista
1094 2436 1378 2498 corruptione
1412 2445 1545 2496 atque

132 2511 308 2557 licentia
328 2511 458 2572 plane
480 2511 663 2556 assecuti
694 2519 817 2566 sunt,
853 2509 977 2571 quod
1006 2525 1082 2555 eos
1107 2508 1293 2555 voluisse
1323 2508 1542 2553 arbitran-

134 2584 242 2630 dum
275 2593 364 2642 est,
399 2593 451 2630 ut
472 2599 562 2631 esse
576 2593 626 2630 nt
653 2583 698 2629 in
719 2581 880 2629 fabulis
919 2585 1137 2643 poemata
1174 2581 1329 2629 solutae
1357 2578 1546 2626 orationi
