<?xml version="1.0" encoding="UTF-8"?>
<!DOCTYPE html PUBLIC "-//W3C//DTD XHTML 1.0 Transitional//EN"
    "http://www.w3.org/TR/xhtml1/DTD/xhtml1-transitional.dtd">
<html xmlns="http://www.w3.org/1999/xhtml" xml:lang="en" lang="en">
 <head>
  <title>
</title>
<meta http-equiv="Content-Type" content="text/html;charset=utf-8" />
  <meta name='ocr-system' content='tesseract 3.04.00' />
  <meta name='ocr-capabilities' content='ocr_page ocr_carea ocr_par ocr_line ocrx_word'/>
</head>
<body>
  <div class='ocr_page' id='page_1' title='image "./operaomniaaccura01auguuoft_0377.png"; bbox 0 0 1888 3168; ppageno 0'>
   <div class='ocr_carea' id='block_1_1' title="bbox 671 165 1600 210">
    <p class='ocr_par' dir='ltr' id='par_1_1' title="bbox 671 165 1600 210">
     <span class='ocr_line' id='line_1_1' title="bbox 671 165 1600 210; baseline -0.008 0"><span class='ocrx_word' id='word_1_1' title='bbox 671 182 725 210; x_wconf 82' lang='lat' dir='ltr'>DE</span> <span class='ocrx_word' id='word_1_2' title='bbox 757 177 913 210; x_wconf 81' lang='lat' dir='ltr'>MUSICA</span> <span class='ocrx_word' id='word_1_3' title='bbox 945 180 1029 208; x_wconf 72' lang='grc' dir='ltr'>ΠΒ.</span> <span class='ocrx_word' id='word_1_4' title='bbox 1066 181 1115 207; x_wconf 92' lang='lat'>11.</span> <span class='ocrx_word' id='word_1_5' title='bbox 1515 165 1600 204; x_wconf 85' lang='lat'>367</span> 
     </span>
    </p>
   </div>
   <div class='ocr_carea' id='block_1_2' title="bbox 194 241 1627 2606">
    <p class='ocr_par' dir='ltr' id='par_1_2' title="bbox 194 241 1624 1457">
     <span class='ocr_line' id='line_1_2' title="bbox 195 241 1604 311; baseline -0.004 -18"><span class='ocrx_word' id='word_1_6' title='bbox 195 250 400 311; x_wconf 86' lang='lat' dir='ltr'>ponenda</span> <span class='ocrx_word' id='word_1_7' title='bbox 422 251 469 295; x_wconf 87' lang='lat' dir='ltr'>in</span> <span class='ocrx_word' id='word_1_8' title='bbox 490 249 632 310; x_wconf 88' lang='lat' dir='ltr'>primo</span> <span class='ocrx_word' id='word_1_9' title='bbox 664 247 765 294; x_wconf 85' lang='lat' dir='ltr'>loco</span> <span class='ocrx_word' id='word_1_10' title='bbox 795 255 977 308; x_wconf 89' lang='lat' dir='ltr'>propter</span> <span class='ocrx_word' id='word_1_11' title='bbox 1008 244 1189 289; x_wconf 84' lang='lat' dir='ltr'>unitatis</span> <span class='ocrx_word' id='word_1_12' title='bbox 1218 241 1494 303; x_wconf 81' lang='lat' dir='ltr'>dignitatem.</span> <span class='ocrx_word' id='word_1_13' title='bbox 1521 243 1604 288; x_wconf 92' lang='lat' dir='ltr'>Hic</span> 
     </span>
     <span class='ocr_line' id='line_1_3' title="bbox 195 314 1607 384; baseline -0.005 -18"><span class='ocrx_word' id='word_1_14' title='bbox 195 330 344 367; x_wconf 84' lang='lat' dir='ltr'>autem</span> <span class='ocrx_word' id='word_1_15' title='bbox 370 337 446 384; x_wconf 90' lang='lat' dir='ltr'>pes</span> <span class='ocrx_word' id='word_1_16' title='bbox 463 317 676 366; x_wconf 87' lang='lat' dir='ltr'>dividitur</span> <span class='ocrx_word' id='word_1_17' title='bbox 697 318 781 375; x_wconf 83' lang='lat' dir='ltr'>bis,</span> <span class='ocrx_word' id='word_1_18' title='bbox 807 326 883 363; x_wconf 87' lang='lat' dir='ltr'>aut</span> <span class='ocrx_word' id='word_1_19' title='bbox 899 316 947 362; x_wconf 89' lang='lat' dir='ltr'>in</span> <span class='ocrx_word' id='word_1_20' title='bbox 960 315 1139 374; x_wconf 81' lang='lat' dir='ltr'>longam</span> <span class='ocrx_word' id='word_1_21' title='bbox 1158 324 1202 359; x_wconf 93' lang='lat' dir='ltr'>ct</span> <span class='ocrx_word' id='word_1_22' title='bbox 1218 323 1308 358; x_wconf 91' lang='lat' dir='ltr'>tres</span> <span class='ocrx_word' id='word_1_23' title='bbox 1329 314 1502 371; x_wconf 87' lang='lat' dir='ltr'>breves,</span> <span class='ocrx_word' id='word_1_24' title='bbox 1528 323 1607 360; x_wconf 87' lang='lat' dir='ltr'>aut</span> 
     </span>
     <span class='ocr_line' id='line_1_4' title="bbox 194 383 1608 452; baseline -0.004 -16"><span class='ocrx_word' id='word_1_25' title='bbox 194 391 241 436; x_wconf 91' lang='lat' dir='ltr'>in</span> <span class='ocrx_word' id='word_1_26' title='bbox 261 391 441 452; x_wconf 83' lang='lat' dir='ltr'>longam</span> <span class='ocrx_word' id='word_1_27' title='bbox 462 400 507 436; x_wconf 88' lang='lat' dir='ltr'>et</span> <span class='ocrx_word' id='word_1_28' title='bbox 519 391 700 435; x_wconf 79' lang='lat' dir='ltr'>brevem</span> <span class='ocrx_word' id='word_1_29' title='bbox 718 398 763 434; x_wconf 90' lang='lat' dir='ltr'>et</span> <span class='ocrx_word' id='word_1_30' title='bbox 782 388 892 434; x_wconf 87' lang='lat' dir='ltr'>duas</span> <span class='ocrx_word' id='word_1_31' title='bbox 913 387 1096 446; x_wconf 66' lang='lat' dir='ltr'>breves,</span> <span class='ocrx_word' id='word_1_32' title='bbox 1116 384 1164 430; x_wconf 91' lang='lat' dir='ltr'>id</span> <span class='ocrx_word' id='word_1_33' title='bbox 1181 393 1262 441; x_wconf 85' lang='lat' dir='ltr'>est,</span> <span class='ocrx_word' id='word_1_34' title='bbox 1289 394 1366 429; x_wconf 88' lang='lat' dir='ltr'>aut</span> <span class='ocrx_word' id='word_1_35' title='bbox 1387 385 1433 429; x_wconf 93' lang='lat' dir='ltr'>in</span> <span class='ocrx_word' id='word_1_36' title='bbox 1451 383 1542 430; x_wconf 92' lang='lat' dir='ltr'>duo</span> <span class='ocrx_word' id='word_1_37' title='bbox 1562 394 1608 430; x_wconf 85' lang='lat' dir='ltr'>et</span> 
     </span>
     <span class='ocr_line' id='line_1_5' title="bbox 195 455 1608 521; baseline -0.005 -14"><span class='ocrx_word' id='word_1_38' title='bbox 195 463 295 520; x_wconf 85' lang='lat' dir='ltr'>tria,</span> <span class='ocrx_word' id='word_1_39' title='bbox 320 473 398 509; x_wconf 87' lang='lat' dir='ltr'>aut</span> <span class='ocrx_word' id='word_1_40' title='bbox 417 462 466 508; x_wconf 89' lang='lat' dir='ltr'>in</span> <span class='ocrx_word' id='word_1_41' title='bbox 488 461 570 507; x_wconf 88' lang='lat' dir='ltr'>tria</span> <span class='ocrx_word' id='word_1_42' title='bbox 594 469 639 506; x_wconf 87' lang='lat' dir='ltr'>et</span> <span class='ocrx_word' id='word_1_43' title='bbox 657 459 748 506; x_wconf 91' lang='lat' dir='ltr'>duo</span> <span class='ocrx_word' id='word_1_44' title='bbox 770 470 985 521; x_wconf 87' lang='lat' dir='ltr'>tempora.</span> <span class='ocrx_word' id='word_1_45' title='bbox 1010 456 1216 505; x_wconf 89' lang='lat' dir='ltr'>Secundo</span> <span class='ocrx_word' id='word_1_46' title='bbox 1238 463 1388 501; x_wconf 84' lang='lat' dir='ltr'>autem</span> <span class='ocrx_word' id='word_1_47' title='bbox 1407 455 1507 501; x_wconf 91' lang='lat' dir='ltr'>loco</span> <span class='ocrx_word' id='word_1_48' title='bbox 1524 471 1608 517; x_wconf 90' lang='lat' dir='ltr'>po-</span> 
     </span>
     <span class='ocr_line' id='line_1_6' title="bbox 195 525 1610 594; baseline -0.006 -15"><span class='ocrx_word' id='word_1_49' title='bbox 195 534 277 580; x_wconf 86' lang='lat' dir='ltr'>sita</span> <span class='ocrx_word' id='word_1_50' title='bbox 296 534 431 594; x_wconf 84' lang='lat' dir='ltr'>longa</span> <span class='ocrx_word' id='word_1_51' title='bbox 451 533 558 579; x_wconf 72' lang='lat' dir='ltr'>facit</span> <span class='ocrx_word' id='word_1_52' title='bbox 574 530 713 577; x_wconf 88' lang='lat' dir='ltr'>alium</span> <span class='ocrx_word' id='word_1_53' title='bbox 734 531 911 593; x_wconf 88' lang='lat' dir='ltr'>pedem,</span> <span class='ocrx_word' id='word_1_54' title='bbox 930 530 1010 593; x_wconf 88' lang='lat' dir='ltr'>qui</span> <span class='ocrx_word' id='word_1_55' title='bbox 1032 544 1125 576; x_wconf 90' lang='lat' dir='ltr'>uno</span> <span class='ocrx_word' id='word_1_56' title='bbox 1149 527 1287 574; x_wconf 92' lang='lat' dir='ltr'>modo</span> <span class='ocrx_word' id='word_1_57' title='bbox 1308 536 1428 573; x_wconf 88' lang='lat' dir='ltr'>recte</span> <span class='ocrx_word' id='word_1_58' title='bbox 1444 525 1610 572; x_wconf 88' lang='lat' dir='ltr'>dividi-</span> 
     </span>
     <span class='ocr_line' id='line_1_7' title="bbox 196 600 1612 665; baseline -0.006 -14"><span class='ocrx_word' id='word_1_59' title='bbox 196 615 271 651; x_wconf 89' lang='lat' dir='ltr'>tur</span> <span class='ocrx_word' id='word_1_60' title='bbox 296 607 345 651; x_wconf 89' lang='lat' dir='ltr'>in</span> <span class='ocrx_word' id='word_1_61' title='bbox 365 606 450 651; x_wconf 84' lang='lat' dir='ltr'>tria</span> <span class='ocrx_word' id='word_1_62' title='bbox 483 604 650 651; x_wconf 82' lang='lat' dir='ltr'>scilicet</span> <span class='ocrx_word' id='word_1_63' title='bbox 671 613 716 650; x_wconf 87' lang='lat' dir='ltr'>et</span> <span class='ocrx_word' id='word_1_64' title='bbox 736 604 829 650; x_wconf 92' lang='lat' dir='ltr'>duo</span> <span class='ocrx_word' id='word_1_65' title='bbox 860 613 1078 665; x_wconf 88' lang='lat' dir='ltr'>tempora,</span> <span class='ocrx_word' id='word_1_66' title='bbox 1102 610 1155 647; x_wconf 89' lang='lat' dir='ltr'>ut</span> <span class='ocrx_word' id='word_1_67' title='bbox 1174 600 1298 662; x_wconf 88' lang='lat' dir='ltr'>prior</span> <span class='ocrx_word' id='word_1_68' title='bbox 1329 615 1430 661; x_wconf 89' lang='lat' dir='ltr'>pars</span> <span class='ocrx_word' id='word_1_69' title='bbox 1462 607 1612 645; x_wconf 86' lang='lat' dir='ltr'>teneat</span> 
     </span>
     <span class='ocr_line' id='line_1_8' title="bbox 196 671 1614 738; baseline -0.004 -16"><span class='ocrx_word' id='word_1_70' title='bbox 196 677 379 723; x_wconf 87' lang='lat' dir='ltr'>brevem</span> <span class='ocrx_word' id='word_1_71' title='bbox 408 686 454 722; x_wconf 88' lang='lat' dir='ltr'>et</span> <span class='ocrx_word' id='word_1_72' title='bbox 483 676 688 738; x_wconf 81' lang='lat' dir='ltr'>longam,</span> <span class='ocrx_word' id='word_1_73' title='bbox 712 675 930 738; x_wconf 84' lang='lat' dir='ltr'>posterior</span> <span class='ocrx_word' id='word_1_74' title='bbox 963 675 1075 720; x_wconf 87' lang='lat' dir='ltr'>duas</span> <span class='ocrx_word' id='word_1_75' title='bbox 1107 673 1278 718; x_wconf 84' lang='lat' dir='ltr'>breves.</span> <span class='ocrx_word' id='word_1_76' title='bbox 1310 675 1448 718; x_wconf 90' lang='lat' dir='ltr'>Porro</span> <span class='ocrx_word' id='word_1_77' title='bbox 1481 671 1614 717; x_wconf 90' lang='lat' dir='ltr'>tertio</span> 
     </span>
     <span class='ocr_line' id='line_1_9' title="bbox 197 743 1614 808; baseline -0.006 -13"><span class='ocrx_word' id='word_1_78' title='bbox 197 749 296 794; x_wconf 92' lang='lat' dir='ltr'>loco</span> <span class='ocrx_word' id='word_1_79' title='bbox 327 749 570 794; x_wconf 84' lang='lat' dir='ltr'>constituta</span> <span class='ocrx_word' id='word_1_80' title='bbox 600 748 735 808; x_wconf 81' lang='lat' dir='ltr'>longa</span> <span class='ocrx_word' id='word_1_81' title='bbox 757 747 864 793; x_wconf 86' lang='lat' dir='ltr'>facit</span> <span class='ocrx_word' id='word_1_82' title='bbox 891 762 995 792; x_wconf 89' lang='lat' dir='ltr'>eum</span> <span class='ocrx_word' id='word_1_83' title='bbox 1023 743 1209 807; x_wconf 84' lang='lat' dir='ltr'>pedem,</span> <span class='ocrx_word' id='word_1_84' title='bbox 1230 743 1310 804; x_wconf 90' lang='lat' dir='ltr'>qui</span> <span class='ocrx_word' id='word_1_85' title='bbox 1341 758 1492 788; x_wconf 86' lang='lat' dir='ltr'>rursus</span> <span class='ocrx_word' id='word_1_86' title='bbox 1522 758 1614 788; x_wconf 92' lang='lat' dir='ltr'>uno</span> 
     </span>
     <span class='ocr_line' id='line_1_10' title="bbox 197 814 1617 880; baseline -0.005 -14"><span class='ocrx_word' id='word_1_87' title='bbox 197 821 332 867; x_wconf 90' lang='lat' dir='ltr'>modo</span> <span class='ocrx_word' id='word_1_88' title='bbox 351 822 435 866; x_wconf 91' lang='lat' dir='ltr'>rite</span> <span class='ocrx_word' id='word_1_89' title='bbox 456 820 690 878; x_wconf 86' lang='lat' dir='ltr'>dividitur,</span> <span class='ocrx_word' id='word_1_90' title='bbox 709 820 788 866; x_wconf 88' lang='lat' dir='ltr'>sed</span> <span class='ocrx_word' id='word_1_91' title='bbox 805 820 866 865; x_wconf 84' lang='lat' dir='ltr'>ita</span> <span class='ocrx_word' id='word_1_92' title='bbox 883 829 934 865; x_wconf 87' lang='lat' dir='ltr'>ut</span> <span class='ocrx_word' id='word_1_93' title='bbox 949 819 1071 880; x_wconf 88' lang='lat' dir='ltr'>prior</span> <span class='ocrx_word' id='word_1_94' title='bbox 1093 833 1192 878; x_wconf 88' lang='lat' dir='ltr'>pars</span> <span class='ocrx_word' id='word_1_95' title='bbox 1214 816 1378 861; x_wconf 83' lang='lat' dir='ltr'>habeat</span> <span class='ocrx_word' id='word_1_96' title='bbox 1394 814 1485 860; x_wconf 92' lang='lat' dir='ltr'>duo</span> <span class='ocrx_word' id='word_1_97' title='bbox 1503 824 1617 877; x_wconf 86' lang='lat' dir='ltr'>tem-</span> 
     </span>
     <span class='ocr_line' id='line_1_11' title="bbox 198 887 1618 955; baseline -0.006 -15"><span class='ocrx_word' id='word_1_98' title='bbox 198 909 306 955; x_wconf 87' lang='lat' dir='ltr'>pora</span> <span class='ocrx_word' id='word_1_99' title='bbox 328 894 375 938; x_wconf 91' lang='lat' dir='ltr'>in</span> <span class='ocrx_word' id='word_1_100' title='bbox 396 893 572 939; x_wconf 87' lang='lat' dir='ltr'>duabus</span> <span class='ocrx_word' id='word_1_101' title='bbox 594 894 804 940; x_wconf 83' lang='lat' dir='ltr'>brevibus</span> <span class='ocrx_word' id='word_1_102' title='bbox 827 891 1030 952; x_wconf 77' lang='lat' dir='ltr'>syllabis,</span> <span class='ocrx_word' id='word_1_103' title='bbox 1055 890 1274 952; x_wconf 82' lang='lat' dir='ltr'>posterior</span> <span class='ocrx_word' id='word_1_104' title='bbox 1302 888 1386 933; x_wconf 83' lang='lat' dir='ltr'>tria</span> <span class='ocrx_word' id='word_1_105' title='bbox 1417 888 1465 932; x_wconf 89' lang='lat' dir='ltr'>in</span> <span class='ocrx_word' id='word_1_106' title='bbox 1486 887 1618 946; x_wconf 81' lang='lat' dir='ltr'>longa</span> 
     </span>
     <span class='ocr_line' id='line_1_12' title="bbox 200 960 1618 1027; baseline -0.005 -16"><span class='ocrx_word' id='word_1_107' title='bbox 200 976 244 1011; x_wconf 87' lang='lat' dir='ltr'>et</span> <span class='ocrx_word' id='word_1_108' title='bbox 264 967 405 1012; x_wconf 82' lang='lat' dir='ltr'>brevi.</span> <span class='ocrx_word' id='word_1_109' title='bbox 431 970 651 1022; x_wconf 84' lang='lat' dir='ltr'>Quartum</span> <span class='ocrx_word' id='word_1_110' title='bbox 673 965 834 1027; x_wconf 86' lang='lat' dir='ltr'>pedem</span> <span class='ocrx_word' id='word_1_111' title='bbox 853 964 960 1010; x_wconf 84' lang='lat' dir='ltr'>facit</span> <span class='ocrx_word' id='word_1_112' title='bbox 985 963 1118 1023; x_wconf 86' lang='lat' dir='ltr'>longa</span> <span class='ocrx_word' id='word_1_113' title='bbox 1139 961 1319 1018; x_wconf 86' lang='lat' dir='ltr'>ultima,</span> <span class='ocrx_word' id='word_1_114' title='bbox 1344 961 1422 1022; x_wconf 89' lang='lat' dir='ltr'>qui</span> <span class='ocrx_word' id='word_1_115' title='bbox 1442 960 1618 1005; x_wconf 87' lang='lat' dir='ltr'>duobus</span> 
     </span>
     <span class='ocr_line' id='line_1_13' title="bbox 199 1032 1619 1097; baseline -0.004 -15"><span class='ocrx_word' id='word_1_116' title='bbox 199 1037 342 1083; x_wconf 89' lang='lat' dir='ltr'>modis</span> <span class='ocrx_word' id='word_1_117' title='bbox 374 1038 612 1095; x_wconf 86' lang='lat' dir='ltr'>dividitur,</span> <span class='ocrx_word' id='word_1_118' title='bbox 637 1047 690 1083; x_wconf 91' lang='lat' dir='ltr'>ut</span> <span class='ocrx_word' id='word_1_119' title='bbox 712 1037 786 1082; x_wconf 91' lang='lat' dir='ltr'>ille</span> <span class='ocrx_word' id='word_1_120' title='bbox 814 1037 895 1082; x_wconf 83' lang='lat' dir='ltr'>ubi</span> <span class='ocrx_word' id='word_1_121' title='bbox 924 1037 1066 1097; x_wconf 85' lang='lat' dir='ltr'>prima</span> <span class='ocrx_word' id='word_1_122' title='bbox 1089 1045 1182 1080; x_wconf 84' lang='lat' dir='ltr'>est:</span> <span class='ocrx_word' id='word_1_123' title='bbox 1208 1049 1313 1078; x_wconf 87' lang='lat' dir='ltr'>nam</span> <span class='ocrx_word' id='word_1_124' title='bbox 1334 1032 1407 1078; x_wconf 91' lang='lat' dir='ltr'>vel</span> <span class='ocrx_word' id='word_1_125' title='bbox 1428 1033 1476 1077; x_wconf 88' lang='lat' dir='ltr'>in</span> <span class='ocrx_word' id='word_1_126' title='bbox 1508 1032 1619 1077; x_wconf 82' lang='lat' dir='ltr'>duas</span> 
     </span>
     <span class='ocr_line' id='line_1_14' title="bbox 199 1103 1621 1169; baseline -0.004 -15"><span class='ocrx_word' id='word_1_127' title='bbox 199 1109 355 1156; x_wconf 87' lang='lat' dir='ltr'>breves</span> <span class='ocrx_word' id='word_1_128' title='bbox 376 1119 421 1154; x_wconf 89' lang='lat' dir='ltr'>et</span> <span class='ocrx_word' id='word_1_129' title='bbox 442 1109 626 1156; x_wconf 86' lang='lat' dir='ltr'>brevem</span> <span class='ocrx_word' id='word_1_130' title='bbox 651 1124 701 1154; x_wconf 87' lang='lat' dir='ltr'>ac</span> <span class='ocrx_word' id='word_1_131' title='bbox 722 1108 920 1169; x_wconf 84' lang='lat' dir='ltr'>longam,</span> <span class='ocrx_word' id='word_1_132' title='bbox 946 1106 1015 1154; x_wconf 88' lang='lat' dir='ltr'>vel</span> <span class='ocrx_word' id='word_1_133' title='bbox 1037 1107 1084 1152; x_wconf 92' lang='lat' dir='ltr'>in</span> <span class='ocrx_word' id='word_1_134' title='bbox 1103 1116 1189 1152; x_wconf 88' lang='lat' dir='ltr'>tres</span> <span class='ocrx_word' id='word_1_135' title='bbox 1206 1106 1361 1151; x_wconf 86' lang='lat' dir='ltr'>breves</span> <span class='ocrx_word' id='word_1_136' title='bbox 1380 1113 1424 1149; x_wconf 91' lang='lat' dir='ltr'>et</span> <span class='ocrx_word' id='word_1_137' title='bbox 1439 1103 1621 1163; x_wconf 81' lang='lat' dir='ltr'>longam</span> 
     </span>
     <span class='ocr_line' id='line_1_15' title="bbox 199 1177 1622 1243; baseline -0.005 -17"><span class='ocrx_word' id='word_1_138' title='bbox 199 1181 357 1243; x_wconf 83' lang='lat' dir='ltr'>partiri</span> <span class='ocrx_word' id='word_1_139' title='bbox 379 1197 483 1227; x_wconf 91' lang='lat' dir='ltr'>eum</span> <span class='ocrx_word' id='word_1_140' title='bbox 504 1181 638 1241; x_wconf 70' lang='lat' dir='ltr'>licet,</span> <span class='ocrx_word' id='word_1_141' title='bbox 663 1182 711 1227; x_wconf 91' lang='lat' dir='ltr'>in</span> <span class='ocrx_word' id='word_1_142' title='bbox 745 1181 837 1226; x_wconf 87' lang='lat' dir='ltr'>duo</span> <span class='ocrx_word' id='word_1_143' title='bbox 872 1179 1038 1226; x_wconf 87' lang='lat' dir='ltr'>scilicet</span> <span class='ocrx_word' id='word_1_144' title='bbox 1068 1189 1114 1224; x_wconf 90' lang='lat' dir='ltr'>et</span> <span class='ocrx_word' id='word_1_145' title='bbox 1146 1178 1252 1234; x_wconf 87' lang='lat' dir='ltr'>tria,</span> <span class='ocrx_word' id='word_1_146' title='bbox 1277 1186 1355 1222; x_wconf 86' lang='lat' dir='ltr'>aut</span> <span class='ocrx_word' id='word_1_147' title='bbox 1385 1177 1433 1221; x_wconf 90' lang='lat' dir='ltr'>in</span> <span class='ocrx_word' id='word_1_148' title='bbox 1461 1177 1544 1221; x_wconf 88' lang='lat' dir='ltr'>tria</span> <span class='ocrx_word' id='word_1_149' title='bbox 1577 1184 1622 1219; x_wconf 92' lang='lat' dir='ltr'>et</span> 
     </span>
     <span class='ocr_line' id='line_1_16' title="bbox 201 1243 1624 1315; baseline -0.006 -16"><span class='ocrx_word' id='word_1_150' title='bbox 201 1254 292 1299; x_wconf 89' lang='lat' dir='ltr'>duo</span> <span class='ocrx_word' id='word_1_151' title='bbox 314 1263 532 1315; x_wconf 84' lang='lat' dir='ltr'>tempora.</span> <span class='ocrx_word' id='word_1_152' title='bbox 563 1256 731 1301; x_wconf 82' lang='lat' dir='ltr'>Omnes</span> <span class='ocrx_word' id='word_1_153' title='bbox 754 1263 905 1299; x_wconf 86' lang='lat' dir='ltr'>autem</span> <span class='ocrx_word' id='word_1_154' title='bbox 929 1253 998 1298; x_wconf 90' lang='lat' dir='ltr'>isti</span> <span class='ocrx_word' id='word_1_155' title='bbox 1020 1261 1215 1314; x_wconf 84' lang='lat' dir='ltr'>quatuor</span> <span class='ocrx_word' id='word_1_156' title='bbox 1235 1243 1392 1310; x_wconf 82' lang='lat' dir='ltr'>pedeS,</span> <span class='ocrx_word' id='word_1_157' title='bbox 1417 1248 1498 1293; x_wconf 85' lang='lat' dir='ltr'>ubi</span> <span class='ocrx_word' id='word_1_158' title='bbox 1520 1262 1624 1293; x_wconf 90' lang='lat' dir='ltr'>cum</span> 
     </span>
     <span class='ocr_line' id='line_1_17' title="bbox 200 1323 1621 1385; baseline -0.005 -15"><span class='ocrx_word' id='word_1_159' title='bbox 200 1326 343 1371; x_wconf 88' lang='lat' dir='ltr'>tribus</span> <span class='ocrx_word' id='word_1_160' title='bbox 377 1326 591 1372; x_wconf 86' lang='lat' dir='ltr'>brevibus</span> <span class='ocrx_word' id='word_1_161' title='bbox 618 1326 739 1373; x_wconf 80' lang='lat' dir='ltr'>varie</span> <span class='ocrx_word' id='word_1_162' title='bbox 760 1325 895 1385; x_wconf 82' lang='lat' dir='ltr'>longa</span> <span class='ocrx_word' id='word_1_163' title='bbox 917 1323 1179 1378; x_wconf 86' lang='lat' dir='ltr'>collocatur,</span> <span class='ocrx_word' id='word_1_164' title='bbox 1203 1329 1512 1381; x_wconf 82' lang='lat' dir='ltr'><strong>sesquatorum</strong></span> <span class='ocrx_word' id='word_1_165' title='bbox 1533 1334 1621 1364; x_wconf 89' lang='lat' dir='ltr'>nu-</span> 
     </span>
     <span class='ocr_line' id='line_1_18' title="bbox 201 1392 1461 1457; baseline -0.006 -15"><span class='ocrx_word' id='word_1_166' title='bbox 201 1413 427 1443; x_wconf 88' lang='lat' dir='ltr'>merorum</span> <span class='ocrx_word' id='word_1_167' title='bbox 445 1399 618 1442; x_wconf 84' lang='lat' dir='ltr'>ratione</span> <span class='ocrx_word' id='word_1_168' title='bbox 637 1407 787 1457; x_wconf 84' lang='lat' dir='ltr'>partes</span> <span class='ocrx_word' id='word_1_169' title='bbox 807 1410 908 1440; x_wconf 86' lang='lat' dir='ltr'>suas</span> <span class='ocrx_word' id='word_1_170' title='bbox 931 1393 988 1439; x_wconf 85' lang='lat' dir='ltr'>ad</span> <span class='ocrx_word' id='word_1_171' title='bbox 1010 1409 1055 1438; x_wconf 91' lang='lat' dir='ltr'>se</span> <span class='ocrx_word' id='word_1_172' title='bbox 1078 1392 1258 1439; x_wconf 87' lang='lat' dir='ltr'>collatas</span> <span class='ocrx_word' id='word_1_173' title='bbox 1279 1392 1461 1437; x_wconf 87' lang='lat' dir='ltr'>habent.</span> 
     </span>
    </p>

    <p class='ocr_par' dir='ltr' id='par_1_3' title="bbox 202 1463 1627 2606">
     <span class='ocr_line' id='line_1_19' title="bbox 260 1463 1620 1530; baseline -0.004 -17"><span class='ocrx_word' id='word_1_174' title='bbox 260 1471 343 1513; x_wconf 88' lang='lat' dir='ltr'>XI.</span> <span class='ocrx_word' id='word_1_175' title='bbox 373 1468 584 1530; x_wconf 84' lang='lat' dir='ltr'>Sequitur</span> <span class='ocrx_word' id='word_1_176' title='bbox 601 1477 653 1513; x_wconf 91' lang='lat' dir='ltr'>ut</span> <span class='ocrx_word' id='word_1_177' title='bbox 674 1467 730 1513; x_wconf 88' lang='lat' dir='ltr'>de</span> <span class='ocrx_word' id='word_1_178' title='bbox 752 1476 950 1529; x_wconf 79' lang='lat' dir='ltr'>quatuor</span> <span class='ocrx_word' id='word_1_179' title='bbox 971 1466 1184 1511; x_wconf 85' lang='lat' dir='ltr'>brevibus</span> <span class='ocrx_word' id='word_1_180' title='bbox 1202 1464 1377 1510; x_wconf 84' lang='lat' dir='ltr'>duabus</span> <span class='ocrx_word' id='word_1_181' title='bbox 1395 1463 1620 1520; x_wconf 84' lang='lat' dir='ltr'>detractis,</span> 
     </span>
     <span class='ocr_line' id='line_1_20' title="bbox 202 1534 1624 1600; baseline -0.003 -17"><span class='ocrx_word' id='word_1_182' title='bbox 202 1555 283 1600; x_wconf 90' lang='lat' dir='ltr'>pro</span> <span class='ocrx_word' id='word_1_183' title='bbox 305 1539 373 1584; x_wconf 90' lang='lat' dir='ltr'>his</span> <span class='ocrx_word' id='word_1_184' title='bbox 396 1539 508 1584; x_wconf 89' lang='lat' dir='ltr'>duas</span> <span class='ocrx_word' id='word_1_185' title='bbox 530 1539 687 1599; x_wconf 79' lang='lat' dir='ltr'>longas</span> <span class='ocrx_word' id='word_1_186' title='bbox 715 1538 1023 1600; x_wconf 80' lang='lat' dir='ltr'>subjiciamus,</span> <span class='ocrx_word' id='word_1_187' title='bbox 1049 1536 1368 1597; x_wconf 79' lang='lat' dir='ltr'>videamusque</span> <span class='ocrx_word' id='word_1_188' title='bbox 1396 1543 1509 1597; x_wconf 87' lang='lat' dir='ltr'>quot</span> <span class='ocrx_word' id='word_1_189' title='bbox 1529 1534 1624 1580; x_wconf 68' lang='lat' dir='ltr'>ior-</span> 
     </span>
     <span class='ocr_line' id='line_1_21' title="bbox 202 1606 1626 1671; baseline -0.005 -14"><span class='ocrx_word' id='word_1_190' title='bbox 202 1626 298 1659; x_wconf 85' lang='lat' dir='ltr'>mas</span> <span class='ocrx_word' id='word_1_191' title='bbox 333 1625 383 1656; x_wconf 88' lang='lat' dir='ltr'>ac</span> <span class='ocrx_word' id='word_1_192' title='bbox 405 1610 557 1671; x_wconf 86' lang='lat' dir='ltr'>pedes,</span> <span class='ocrx_word' id='word_1_193' title='bbox 583 1626 688 1655; x_wconf 89' lang='lat' dir='ltr'>cum</span> <span class='ocrx_word' id='word_1_194' title='bbox 712 1610 869 1655; x_wconf 81' lang='lat' dir='ltr'>breves</span> <span class='ocrx_word' id='word_1_195' title='bbox 904 1625 954 1654; x_wconf 88' lang='lat' dir='ltr'>ac</span> <span class='ocrx_word' id='word_1_196' title='bbox 986 1608 1134 1668; x_wconf 78' lang='lat' dir='ltr'>longae</span> <span class='ocrx_word' id='word_1_197' title='bbox 1168 1607 1288 1652; x_wconf 78' lang='lat' dir='ltr'>binae</span> <span class='ocrx_word' id='word_1_198' title='bbox 1317 1607 1428 1663; x_wconf 87' lang='lat' dir='ltr'>sint,</span> <span class='ocrx_word' id='word_1_199' title='bbox 1453 1606 1626 1668; x_wconf 85' lang='lat' dir='ltr'>possint</span> 
     </span>
     <span class='ocr_line' id='line_1_22' title="bbox 204 1677 1620 1741; baseline -0.004 -13"><span class='ocrx_word' id='word_1_200' title='bbox 204 1682 351 1728; x_wconf 90' lang='lat' dir='ltr'>edere.</span> <span class='ocrx_word' id='word_1_201' title='bbox 390 1682 539 1727; x_wconf 88' lang='lat' dir='ltr'>Primo</span> <span class='ocrx_word' id='word_1_202' title='bbox 573 1681 710 1741; x_wconf 80' lang='lat' dir='ltr'>igitur</span> <span class='ocrx_word' id='word_1_203' title='bbox 743 1681 874 1726; x_wconf 91' lang='lat' dir='ltr'>video</span> <span class='ocrx_word' id='word_1_204' title='bbox 913 1680 1023 1725; x_wconf 81' lang='lat' dir='ltr'>duas</span> <span class='ocrx_word' id='word_1_205' title='bbox 1056 1679 1212 1740; x_wconf 83' lang='lat' dir='ltr'>longas</span> <span class='ocrx_word' id='word_1_206' title='bbox 1243 1694 1335 1724; x_wconf 88' lang='lat' dir='ltr'>esse</span> <span class='ocrx_word' id='word_1_207' title='bbox 1366 1677 1620 1740; x_wconf 83' lang='lat' dir='ltr'>ponendaS,</span> 
     </span>
     <span class='ocr_line' id='line_1_23' title="bbox 204 1750 1622 1816; baseline -0.003 -17"><span class='ocrx_word' id='word_1_208' title='bbox 204 1753 330 1816; x_wconf 82' lang='lat' dir='ltr'>quod</span> <span class='ocrx_word' id='word_1_209' title='bbox 352 1770 377 1799; x_wconf 87' lang='lat' dir='ltr'>a</span> <span class='ocrx_word' id='word_1_210' title='bbox 400 1754 610 1800; x_wconf 86' lang='lat' dir='ltr'>brevibus</span> <span class='ocrx_word' id='word_1_211' title='bbox 632 1753 794 1799; x_wconf 86' lang='lat' dir='ltr'>rectius</span> <span class='ocrx_word' id='word_1_212' title='bbox 812 1750 1044 1798; x_wconf 78' lang='lat' dir='ltr'>exordium</span> <span class='ocrx_word' id='word_1_213' title='bbox 1072 1751 1143 1797; x_wconf 88' lang='lat' dir='ltr'>sit.</span> <span class='ocrx_word' id='word_1_214' title='bbox 1171 1751 1253 1797; x_wconf 88' lang='lat' dir='ltr'>Hic</span> <span class='ocrx_word' id='word_1_215' title='bbox 1276 1760 1425 1796; x_wconf 88' lang='lat' dir='ltr'>autem</span> <span class='ocrx_word' id='word_1_216' title='bbox 1447 1766 1524 1812; x_wconf 89' lang='lat' dir='ltr'>pes</span> <span class='ocrx_word' id='word_1_217' title='bbox 1538 1750 1622 1795; x_wconf 85' lang='lat' dir='ltr'>ha-</span> 
     </span>
     <span class='ocr_line' id='line_1_24' title="bbox 205 1823 1625 1886; baseline -0.003 -14"><span class='ocrx_word' id='word_1_218' title='bbox 205 1826 284 1872; x_wconf 84' lang='lat' dir='ltr'>bet</span> <span class='ocrx_word' id='word_1_219' title='bbox 306 1823 533 1886; x_wconf 84' lang='lat' dir='ltr'>duplicem</span> <span class='ocrx_word' id='word_1_220' title='bbox 552 1825 839 1872; x_wconf 82' lang='lat' dir='ltr'>divisionem:</span> <span class='ocrx_word' id='word_1_221' title='bbox 859 1834 938 1870; x_wconf 87' lang='lat' dir='ltr'>aut</span> <span class='ocrx_word' id='word_1_222' title='bbox 951 1825 1130 1869; x_wconf 90' lang='lat' dir='ltr'>enimin</span> <span class='ocrx_word' id='word_1_223' title='bbox 1150 1823 1242 1869; x_wconf 92' lang='lat' dir='ltr'>duo</span> <span class='ocrx_word' id='word_1_224' title='bbox 1257 1833 1302 1869; x_wconf 93' lang='lat' dir='ltr'>et</span> <span class='ocrx_word' id='word_1_225' title='bbox 1313 1833 1506 1885; x_wconf 84' lang='lat' dir='ltr'>quatuor</span> <span class='ocrx_word' id='word_1_226' title='bbox 1518 1859 1529 1880; x_wconf 92' lang='lat'>,</span> <span class='ocrx_word' id='word_1_227' title='bbox 1548 1832 1625 1869; x_wconf 87' lang='lat' dir='ltr'>aut</span> 
     </span>
     <span class='ocr_line' id='line_1_25' title="bbox 206 1896 1623 1960; baseline -0.001 -17"><span class='ocrx_word' id='word_1_228' title='bbox 206 1898 253 1943; x_wconf 90' lang='lat' dir='ltr'>in</span> <span class='ocrx_word' id='word_1_229' title='bbox 274 1908 469 1960; x_wconf 80' lang='lat' dir='ltr'>quatuor</span> <span class='ocrx_word' id='word_1_230' title='bbox 499 1908 545 1943; x_wconf 92' lang='lat' dir='ltr'>et</span> <span class='ocrx_word' id='word_1_231' title='bbox 567 1897 658 1944; x_wconf 91' lang='lat' dir='ltr'>duo</span> <span class='ocrx_word' id='word_1_232' title='bbox 680 1896 895 1944; x_wconf 84' lang='lat' dir='ltr'>dividitur</span> <span class='ocrx_word' id='word_1_233' title='bbox 915 1907 1144 1958; x_wconf 66' lang='lat' dir='ltr'>tempora,</span> <span class='ocrx_word' id='word_1_234' title='bbox 1169 1906 1222 1942; x_wconf 88' lang='lat' dir='ltr'>ut</span> <span class='ocrx_word' id='word_1_235' title='bbox 1242 1905 1320 1941; x_wconf 88' lang='lat' dir='ltr'>aut</span> <span class='ocrx_word' id='word_1_236' title='bbox 1341 1896 1443 1941; x_wconf 87' lang='lat' dir='ltr'>duae</span> <span class='ocrx_word' id='word_1_237' title='bbox 1465 1896 1623 1942; x_wconf 88' lang='lat' dir='ltr'>breves</span> 
     </span>
     <span class='ocr_line' id='line_1_26' title="bbox 206 1969 1626 2032; baseline -0.001 -17"><span class='ocrx_word' id='word_1_238' title='bbox 206 1971 400 2031; x_wconf 80' lang='lat' dir='ltr'>priorem</span> <span class='ocrx_word' id='word_1_239' title='bbox 422 1980 594 2032; x_wconf 89' lang='lat' dir='ltr'>partem</span> <span class='ocrx_word' id='word_1_240' title='bbox 616 1979 821 2027; x_wconf 79' lang='lat' dir='ltr'>teneant,</span> <span class='ocrx_word' id='word_1_241' title='bbox 847 1980 893 2015; x_wconf 89' lang='lat' dir='ltr'>et</span> <span class='ocrx_word' id='word_1_242' title='bbox 912 1970 1202 2031; x_wconf 87' lang='lat' dir='ltr'>posteriorem</span> <span class='ocrx_word' id='word_1_243' title='bbox 1230 1969 1331 2014; x_wconf 86' lang='lat' dir='ltr'>duae</span> <span class='ocrx_word' id='word_1_244' title='bbox 1359 1969 1528 2029; x_wconf 82' lang='lat' dir='ltr'>longae,</span> <span class='ocrx_word' id='word_1_245' title='bbox 1549 1978 1626 2014; x_wconf 81' lang='lat' dir='ltr'>aut</span> 
     </span>
     <span class='ocr_line' id='line_1_27' title="bbox 207 2040 1625 2104; baseline -0.001 -17"><span class='ocrx_word' id='word_1_246' title='bbox 207 2052 259 2088; x_wconf 88' lang='lat' dir='ltr'>ut</span> <span class='ocrx_word' id='word_1_247' title='bbox 280 2043 475 2104; x_wconf 87' lang='lat' dir='ltr'>priorem</span> <span class='ocrx_word' id='word_1_248' title='bbox 495 2042 598 2088; x_wconf 83' lang='lat' dir='ltr'>duae</span> <span class='ocrx_word' id='word_1_249' title='bbox 619 2042 775 2088; x_wconf 85' lang='lat' dir='ltr'>breves</span> <span class='ocrx_word' id='word_1_250' title='bbox 793 2051 837 2087; x_wconf 93' lang='lat' dir='ltr'>et</span> <span class='ocrx_word' id='word_1_251' title='bbox 852 2042 1001 2102; x_wconf 82' lang='lat' dir='ltr'>longa,</span> <span class='ocrx_word' id='word_1_252' title='bbox 1016 2041 1305 2102; x_wconf 89' lang='lat' dir='ltr'>posteriorem</span> <span class='ocrx_word' id='word_1_253' title='bbox 1328 2050 1477 2086; x_wconf 85' lang='lat' dir='ltr'>autem</span> <span class='ocrx_word' id='word_1_254' title='bbox 1490 2040 1625 2101; x_wconf 87' lang='lat' dir='ltr'>longa</span> 
     </span>
     <span class='ocr_line' id='line_1_28' title="bbox 208 2113 1625 2176; baseline -0.001 -17"><span class='ocrx_word' id='word_1_255' title='bbox 208 2131 310 2176; x_wconf 85' lang='lat' dir='ltr'>quae</span> <span class='ocrx_word' id='word_1_256' title='bbox 332 2113 503 2175; x_wconf 86' lang='lat' dir='ltr'>reliqua</span> <span class='ocrx_word' id='word_1_257' title='bbox 520 2122 601 2159; x_wconf 90' lang='lat' dir='ltr'>est.</span> <span class='ocrx_word' id='word_1_258' title='bbox 627 2113 700 2158; x_wconf 86' lang='lat' dir='ltr'>Fit</span> <span class='ocrx_word' id='word_1_259' title='bbox 721 2113 831 2159; x_wconf 87' lang='lat' dir='ltr'>alius</span> <span class='ocrx_word' id='word_1_260' title='bbox 853 2129 946 2174; x_wconf 90' lang='lat' dir='ltr'>pes,</span> <span class='ocrx_word' id='word_1_261' title='bbox 972 2129 1075 2158; x_wconf 90' lang='lat' dir='ltr'>cum</span> <span class='ocrx_word' id='word_1_262' title='bbox 1097 2113 1198 2158; x_wconf 85' lang='lat' dir='ltr'>duae</span> <span class='ocrx_word' id='word_1_263' title='bbox 1220 2113 1316 2158; x_wconf 84' lang='lat' dir='ltr'>istae</span> <span class='ocrx_word' id='word_1_264' title='bbox 1341 2113 1497 2159; x_wconf 87' lang='lat' dir='ltr'>breves</span> <span class='ocrx_word' id='word_1_265' title='bbox 1515 2128 1625 2174; x_wconf 86' lang='lat' dir='ltr'>quas</span> 
     </span>
     <span class='ocr_line' id='line_1_29' title="bbox 211 2183 1626 2247; baseline -0.001 -17"><span class='ocrx_word' id='word_1_266' title='bbox 211 2185 259 2230; x_wconf 88' lang='lat' dir='ltr'>in</span> <span class='ocrx_word' id='word_1_267' title='bbox 275 2186 421 2246; x_wconf 84' lang='lat' dir='ltr'>capite</span> <span class='ocrx_word' id='word_1_268' title='bbox 442 2199 751 2247; x_wconf 82' lang='lat' dir='ltr'>posueramus,</span> <span class='ocrx_word' id='word_1_269' title='bbox 775 2184 836 2229; x_wconf 88' lang='lat' dir='ltr'>ita</span> <span class='ocrx_word' id='word_1_270' title='bbox 858 2193 910 2228; x_wconf 93' lang='lat' dir='ltr'>ut</span> <span class='ocrx_word' id='word_1_271' title='bbox 927 2183 1036 2229; x_wconf 91' lang='lat' dir='ltr'>ordo</span> <span class='ocrx_word' id='word_1_272' title='bbox 1058 2185 1151 2245; x_wconf 87' lang='lat' dir='ltr'>ipse</span> <span class='ocrx_word' id='word_1_273' title='bbox 1169 2183 1382 2245; x_wconf 86' lang='lat' dir='ltr'>postulat,</span> <span class='ocrx_word' id='word_1_274' title='bbox 1407 2184 1455 2229; x_wconf 89' lang='lat' dir='ltr'>in</span> <span class='ocrx_word' id='word_1_275' title='bbox 1476 2183 1626 2229; x_wconf 91' lang='lat' dir='ltr'>medio</span> 
     </span>
     <span class='ocr_line' id='line_1_30' title="bbox 210 2254 1627 2317; baseline -0.002 -15"><span class='ocrx_word' id='word_1_276' title='bbox 210 2255 378 2302; x_wconf 85' lang='lat' dir='ltr'>suerint</span> <span class='ocrx_word' id='word_1_277' title='bbox 399 2256 645 2313; x_wconf 79' lang='lat' dir='ltr'>collocatae,</span> <span class='ocrx_word' id='word_1_278' title='bbox 672 2265 717 2301; x_wconf 91' lang='lat' dir='ltr'>et</span> <span class='ocrx_word' id='word_1_279' title='bbox 743 2264 810 2301; x_wconf 88' lang='lat' dir='ltr'>est</span> <span class='ocrx_word' id='word_1_280' title='bbox 829 2256 964 2317; x_wconf 86' lang='lat' dir='ltr'>hujus</span> <span class='ocrx_word' id='word_1_281' title='bbox 978 2255 1103 2317; x_wconf 91' lang='lat' dir='ltr'>pedis</span> <span class='ocrx_word' id='word_1_282' title='bbox 1125 2254 1282 2301; x_wconf 85' lang='lat' dir='ltr'>divisio</span> <span class='ocrx_word' id='word_1_283' title='bbox 1304 2256 1350 2300; x_wconf 90' lang='lat' dir='ltr'>in</span> <span class='ocrx_word' id='word_1_284' title='bbox 1370 2256 1455 2300; x_wconf 82' lang='lat' dir='ltr'>tria</span> <span class='ocrx_word' id='word_1_285' title='bbox 1473 2264 1518 2313; x_wconf 85' lang='lat' dir='ltr'>et</span> <span class='ocrx_word' id='word_1_286' title='bbox 1542 2255 1627 2300; x_wconf 86' lang='lat' dir='ltr'>tria</span> 
     </span>
     <span class='ocr_line' id='line_1_31' title="bbox 212 2326 1621 2389; baseline -0.001 -15"><span class='ocrx_word' id='word_1_287' title='bbox 212 2338 440 2389; x_wconf 85' lang='lat' dir='ltr'>tempora:</span> <span class='ocrx_word' id='word_1_288' title='bbox 464 2344 569 2374; x_wconf 86' lang='lat' dir='ltr'>nam</span> <span class='ocrx_word' id='word_1_289' title='bbox 590 2329 783 2389; x_wconf 88' lang='lat' dir='ltr'>priorem</span> <span class='ocrx_word' id='word_1_290' title='bbox 805 2336 976 2388; x_wconf 85' lang='lat' dir='ltr'>partem</span> <span class='ocrx_word' id='word_1_291' title='bbox 999 2337 1219 2389; x_wconf 87' lang='lat' dir='ltr'>occupant</span> <span class='ocrx_word' id='word_1_292' title='bbox 1239 2326 1370 2386; x_wconf 83' lang='lat' dir='ltr'>longa</span> <span class='ocrx_word' id='word_1_293' title='bbox 1389 2337 1433 2372; x_wconf 94' lang='lat' dir='ltr'>et</span> <span class='ocrx_word' id='word_1_294' title='bbox 1449 2327 1595 2372; x_wconf 83' lang='lat' dir='ltr'>brevis</span> <span class='ocrx_word' id='word_1_295' title='bbox 1610 2362 1621 2383; x_wconf 84' lang='lat'>‚</span> 
     </span>
     <span class='ocr_line' id='line_1_32' title="bbox 213 2397 1624 2461; baseline -0.003 -16"><span class='ocrx_word' id='word_1_296' title='bbox 213 2399 502 2461; x_wconf 87' lang='lat' dir='ltr'>posteriorem</span> <span class='ocrx_word' id='word_1_297' title='bbox 517 2400 662 2450; x_wconf 86' lang='lat' dir='ltr'>brevis</span> <span class='ocrx_word' id='word_1_298' title='bbox 684 2408 727 2444; x_wconf 89' lang='lat' dir='ltr'>et</span> <span class='ocrx_word' id='word_1_299' title='bbox 749 2399 897 2458; x_wconf 79' lang='lat' dir='ltr'>longa.</span> <span class='ocrx_word' id='word_1_300' title='bbox 924 2400 1038 2444; x_wconf 86' lang='lat' dir='ltr'>Cum</span> <span class='ocrx_word' id='word_1_301' title='bbox 1056 2408 1205 2444; x_wconf 83' lang='lat' dir='ltr'>autem</span> <span class='ocrx_word' id='word_1_302' title='bbox 1225 2408 1457 2460; x_wconf 87' lang='lat' dir='ltr'>ponuntur</span> <span class='ocrx_word' id='word_1_303' title='bbox 1477 2399 1523 2443; x_wconf 92' lang='lat' dir='ltr'>in</span> <span class='ocrx_word' id='word_1_304' title='bbox 1550 2397 1624 2442; x_wconf 90' lang='lat' dir='ltr'>ul-</span> 
     </span>
     <span class='ocr_line' id='line_1_33' title="bbox 215 2470 1621 2534; baseline -0.001 -18"><span class='ocrx_word' id='word_1_305' title='bbox 215 2473 340 2529; x_wconf 86' lang='lat' dir='ltr'>timo,</span> <span class='ocrx_word' id='word_1_306' title='bbox 365 2488 470 2518; x_wconf 88' lang='lat' dir='ltr'>nam</span> <span class='ocrx_word' id='word_1_307' title='bbox 489 2472 576 2518; x_wconf 86' lang='lat' dir='ltr'>hoc</span> <span class='ocrx_word' id='word_1_308' title='bbox 599 2471 821 2534; x_wconf 83' lang='lat' dir='ltr'>sequitur,</span> <span class='ocrx_word' id='word_1_309' title='bbox 847 2470 1019 2517; x_wconf 83' lang='lat' dir='ltr'>faciunt</span> <span class='ocrx_word' id='word_1_310' title='bbox 1047 2471 1209 2532; x_wconf 91' lang='lat' dir='ltr'>pedem</span> <span class='ocrx_word' id='word_1_311' title='bbox 1233 2472 1418 2530; x_wconf 76' lang='lat' dir='ltr'>geminae</span> <span class='ocrx_word' id='word_1_312' title='bbox 1440 2470 1621 2516; x_wconf 85' lang='lat' dir='ltr'>divisio-</span> 
     </span>
     <span class='ocr_line' id='line_1_34' title="bbox 217 2541 1618 2606; baseline -0.001 -17"><span class='ocrx_word' id='word_1_313' title='bbox 217 2543 281 2590; x_wconf 88' lang='lat' dir='ltr'>nis</span> <span class='ocrx_word' id='word_1_314' title='bbox 293 2579 305 2602; x_wconf 90' lang='lat'>,</span> <span class='ocrx_word' id='word_1_315' title='bbox 319 2545 446 2606; x_wconf 84' lang='lat' dir='ltr'>cujus</span> <span class='ocrx_word' id='word_1_316' title='bbox 461 2552 537 2590; x_wconf 85' lang='lat' dir='ltr'>aut</span> <span class='ocrx_word' id='word_1_317' title='bbox 548 2543 669 2605; x_wconf 90' lang='lat' dir='ltr'>prior</span> <span class='ocrx_word' id='word_1_318' title='bbox 683 2559 783 2605; x_wconf 85' lang='lat' dir='ltr'>pars</span> <span class='ocrx_word' id='word_1_319' title='bbox 794 2543 959 2590; x_wconf 84' lang='lat' dir='ltr'>habeat</span> <span class='ocrx_word' id='word_1_320' title='bbox 974 2542 1065 2589; x_wconf 91' lang='lat' dir='ltr'>duo</span> <span class='ocrx_word' id='word_1_321' title='bbox 1080 2551 1282 2604; x_wconf 87' lang='lat' dir='ltr'>tempora</span> <span class='ocrx_word' id='word_1_322' title='bbox 1298 2542 1345 2588; x_wconf 93' lang='lat' dir='ltr'>in</span> <span class='ocrx_word' id='word_1_323' title='bbox 1363 2558 1451 2588; x_wconf 86' lang='lat' dir='ltr'>una</span> <span class='ocrx_word' id='word_1_324' title='bbox 1465 2541 1595 2601; x_wconf 85' lang='lat' dir='ltr'>longa</span> <span class='ocrx_word' id='word_1_325' title='bbox 1607 2577 1618 2598; x_wconf 92' lang='lat'>,</span> 
     </span>
    </p>
   </div>
  </div>
 </body>
</html>
