1888 3168
710 141 834 167 mmm
866 139 920 166 DE
954 135 1183 164 MAGISTRO.
1564 120 1643 159 551

252 211 383 270 longe
400 210 484 254 1100
501 223 665 253 nomen
688 206 876 251 arbitror
894 205 955 249 rei
977 219 1111 265 quam
1134 202 1347 261 significat
1369 197 1646 244 antecellere.

253 281 385 340 Quod
415 280 533 325 enim
562 294 642 324 nos
672 275 860 323 offendit
880 274 1124 330 audientes,
1150 289 1242 318 non
1272 272 1328 317 ad
1358 271 1493 331 ipsius
1527 270 1652 316 verbi

252 353 444 415 pertinet
474 365 655 408 sonum3
686 363 868 394 coenum
898 346 1017 391 enim
1046 360 1232 400 nomen,
1257 352 1427 388 mutata
1458 358 1547 387 una
1573 341 1651 387 lit-

253 435 346 470 tera
376 423 542 470 coelum
563 430 655 480 est,
676 421 790 465 inter
807 419 882 464 illa
903 433 1008 464 vero
1029 432 1130 478 quae
1151 416 1218 460 1113
1238 414 1491 460 nominibus
1519 413 1655 473 signi·-

236 498 461 552 ficantur,
493 502 711 556 quantum
741 490 875 536 distet
903 488 1120 535 videmus.
1157 486 1457 542 Quamobrem
1485 501 1656 547 nequa-

251 585 386 631 quam
413 567 517 613 huic
545 566 668 625 signo
696 564 948 619 tribuerim,
974 559 1097 623 quod
1122 561 1170 606 in
1201 576 1248 604 re
1270 574 1406 621 quam
1438 559 1657 618 significat

253 639 448 698 odimus,
480 648 525 683 et
552 646 785 699 propterea
820 636 906 680 1100
941 633 1006 678 1111
1033 634 1132 694 jure
1165 640 1413 691 antepono:
1446 629 1658 675 libentius

252 712 370 757 enim
402 712 487 756 hoc
519 709 746 764 audimus,
780 722 915 768 quam
947 704 1041 750 ullo
1075 719 1203 749 sensu
1237 701 1349 747 illud
1382 702 1654 761 attingimus.

251 786 366 830 Auo.
388 781 728 842 Vigilantissime
746 779 943 825 omnino.
964 781 1120 839 Itaque
1139 776 1300 821 falsum
1321 783 1402 831 est,
1422 790 1573 819 omnes
1590 790 1659 820 res

251 854 389 916 pluris
412 869 548 915 quam
565 868 717 898 earum
735 852 857 911 signa
876 866 967 895 esse
982 847 1253 910 pendendas.
1275 850 1358 892 AD.
1379 850 1446 891 Ita
1465 845 1658 892 videtur.

252 929 367 971 AUG.
388 926 468 970 Dic
496 939 599 983 ergo
621 924 748 979 mihi,
775 922 885 983 quid
907 920 1128 967 arbitreris
1151 935 1224 965 eos
1247 928 1418 964 secutos
1447 933 1560 974 esse,
1581 919 1660 979 qui

251 999 354 1047 huic
377 997 439 1041 rei
465 1006 556 1041 tam
584 994 716 1040 foedae
741 1004 874 1055 atque
896 991 1158 1054 aspernabili
1190 1007 1353 1037 nomen
1381 989 1657 1047 indiderunt,

251 1069 321 1115 vel
343 1078 494 1113 utrum
525 1084 598 1113 eos
620 1067 801 1128 probes,
829 1082 886 1111 an
907 1064 1161 1126 improbes?
1186 1067 1269 1109 An.
1296 1066 1393 1123 Ego
1422 1078 1528 1108 vero
1560 1062 1660 1108 illos

251 1156 332 1186 nec
354 1139 543 1201 probare
557 1175 568 1195 ,
590 1155 672 1184 nec
694 1138 946 1199 improbare
971 1136 1136 1193 audeo,
1156 1152 1238 1181 1100
1260 1134 1372 1197 quid
1399 1133 1565 1179 fuerint
1592 1151 1662 1180 30-

250 1213 342 1259 cuti
372 1213 475 1258 scio.
501 1216 617 1257 Ace„
655 1215 869 1256 Potes-ne
900 1209 1054 1254 saltem
1085 1209 1191 1254 scire
1222 1208 1334 1270 quid
1362 1216 1412 1252 tu
1440 1208 1658 1268 sequaris,

250 1300 352 1330 cum
376 1285 463 1329 1100
489 1299 654 1329 nomen
680 1282 915 1327 enuntias?
943 1281 1029 1326 Ad.
1060 1283 1155 1327 Hoc
1176 1280 1307 1341 plane
1329 1295 1535 1340 possum:
1556 1296 1662 1326 nam

249 1356 496 1416 signi-ficare
534 1355 652 1411 volo,
679 1365 732 1400 ut
769 1370 871 1399 eum
904 1369 1008 1399 cum
1040 1370 1133 1415 quo
1171 1352 1354 1414 loquor,
1375 1352 1558 1397 doceam
1587 1352 1661 1398 vel

249 1426 516 1472 admoneam
549 1425 605 1470 de
636 1442 682 1470 re
702 1425 801 1482 illa,
833 1425 957 1486 quod
992 1440 1097 1469 eum
1138 1422 1288 1468 doceri
1320 1423 1392 1469 vel
1429 1422 1659 1469 admoneri

249 1507 452 1560 oportere
475 1496 678 1542 arbitror.
712 1499 827 1541 Am.
862 1495 1004 1552 Quid,
1030 1496 1176 1556 ipsum
1204 1495 1363 1540 docere
1393 1504 1470 1540 aut
1502 1494 1660 1541 admo-

248 1586 369 1626 nere,
390 1571 478 1615 sive
496 1568 645 1614 doceri
663 1577 740 1612 aut
758 1568 1003 1623 admoneri,
1030 1566 1153 1628 quod
1176 1567 1248 1613 vel
1265 1576 1315 1611 tu
1332 1567 1510 1613 exhibes
1532 1584 1657 1613 com-

248 1641 379 1686 mode
400 1656 479 1702 per
501 1641 587 1685 1100
609 1655 769 1685 nomen
784 1675 796 1695 ,
821 1638 893 1684 vel
916 1638 1148 1683 exhibetur
1175 1638 1280 1694 tibi,
1310 1654 1459 1684 nonne
1481 1640 1657 1685 charius

249 1729 384 1775 quam
413 1713 559 1773 ipsum
586 1727 750 1756 nomen
776 1710 1035 1755 habendum
1061 1712 1151 1755 est?
1169 1714 1252 1755 AD.
1279 1711 1487 1757 Concedo
1516 1712 1655 1773 ipsam

246 1787 475 1832 scientiam
489 1821 500 1842 ,
527 1801 627 1846 quae
647 1800 727 1844 per
747 1785 833 1829 hoc
856 1784 1032 1843 signum
1055 1783 1224 1840 evenit,
1245 1784 1389 1829 eidem
1416 1786 1541 1845 signo
1564 1802 1655 1831 esse

246 1858 606 1919 anteponendam
629 1877 637 1902 :
664 1857 741 1901 sed
764 1873 855 1902 non
879 1855 978 1901 ideo
997 1857 1128 1901 etiam
1147 1872 1239 1901 rem
1262 1857 1397 1918 ipsam
1421 1868 1546 1918 puto.

305 1932 473 1974 XXVI.
510 1931 627 1974 Ace.
652 1931 705 1972 In
728 1927 802 1972 illa
820 1928 954 1987 igitur
977 1928 1192 1973 sententia
1209 1938 1374 1985 nostra,
1399 1946 1655 1992 quanquam

247 2003 301 2048 sit
323 2001 502 2058 falsum,
531 2017 598 2046 res
620 2016 773 2046 omnes
807 2001 940 2060 signis
970 2001 1056 2045 suis
1089 2002 1288 2062 praeponi
1311 2012 1536 2062 oportere3
1561 2019 1654 2049 non

246 2084 394 2120 tamen
415 2073 578 2119 falsum
611 2083 675 2118 est
705 2089 835 2118 omne
851 2109 862 2130 ,
899 2073 1021 2135 quod
1048 2083 1228 2134 propter
1261 2073 1381 2120 aliud
1407 2085 1496 2132 est,
1521 2075 1652 2122 vilius

245 2162 336 2192 esse
363 2161 498 2208 quam
526 2146 573 2190 id
594 2154 773 2206 propter
800 2145 923 2206 quod
956 2154 1034 2189 est.
1071 2146 1275 2206 Cognitio
1310 2147 1476 2208 quippe
1503 2149 1648 2205 coeni,

245 2227 426 2278 propter
445 2233 577 2279 quam
601 2218 686 2262 1100
703 2232 866 2262 nomen
889 2225 954 2261 est
974 2216 1250 2274 institutum,
1282 2218 1418 2279 pluris
1445 2219 1651 2266 habenda

245 2299 310 2336 est
331 2289 425 2349 ipso
454 2289 657 2345 nomine,
691 2288 813 2350 quod
850 2287 992 2333 eidem
1015 2304 1143 2335 coeno
1177 2290 1528 2352 praeponendum
1558 2308 1650 2337 esse

246 2361 555 2419 comperimus.
594 2364 694 2407 Non
726 2360 937 2422 enimob
980 2359 1100 2405 aliud
1142 2362 1219 2407 ista
1259 2363 1452 2423 cognitio
1490 2364 1646 2424 signo,

247 2433 302 2478 de
343 2450 432 2494 quo
465 2434 659 2492 agimus,
693 2433 884 2478 antelata
922 2442 1011 2489 est,
1058 2434 1139 2478 nisi
1181 2435 1283 2496 quia
1325 2435 1436 2481 illud
1469 2447 1650 2497 propter

246 2506 378 2557 banc,
405 2522 492 2550 non
516 2506 611 2550 haec
634 2515 814 2565 propter
834 2504 946 2550 illud
980 2520 1069 2549 esse
1099 2507 1387 2553 convincitur.
1440 2512 1549 2555 Nam
1585 2510 1644 2553 ita
