1888 3168
326 193 409 232 ⁶266
747 204 780 232 s.
816 205 1048 235 Avensa-im
1080 208 1262 237 EPISCOPI

324 271 438 314 intus
451 269 631 329 cogitari
652 279 808 331 potest.
836 275 888 317 Α.
915 275 1048 318 Recte
1067 274 1172 319 dicis
1185 311 1196 331 ,
1213 275 1332 320 etsie
1354 284 1398 321 te
1420 278 1598 323 omnino
1618 293 1712 323 me-

323 342 494 386 minisse.
511 342 758 402 cupiebam.
782 345 1076 398 Quamobrem
1091 345 1203 391 illud
1212 348 1303 407 jam
1319 347 1420 392 volo
1433 349 1708 409 respondeas,

322 422 470 457 utrum
508 412 616 458 falso
655 430 809 458 verum
843 425 1096 477 anteponas.
1129 420 1181 462 E.
1218 421 1317 463 Jam
1351 420 1454 465 hinc
1487 419 1708 477 dubitare,

321 483 586 529 incredibilis
601 485 819 531 dementia
832 496 910 532 est.
933 491 985 532 Α.
1004 489 1081 534 Dic
1099 504 1218 549 ergo,
1236 506 1386 552 quaeso
1402 501 1461 549 te,
1477 492 1712 554 numquid-

321 572 422 602 nam
459 572 560 601 vera
581 557 695 603 linea
729 567 814 615 est,
838 576 938 621 quae
959 576 1037 621 per
1058 561 1240 621 longum
1278 564 1411 609 secari
1437 573 1580 625 potest
1601 584 1611 611 z
1636 574 1716 610 aut

317 643 468 672 verum
499 628 669 688 signum
706 630 827 692 quod
858 630 951 677 ullo
980 632 1110 679 modo
1146 635 1278 679 secari
1300 645 1475 696 potest:
1507 644 1584 681 aut
1603 652 1712 682 vera

319 698 509 745 latitudo
524 736 534 756 ,
561 717 660 762 quae
682 718 783 746 cuni
806 712 948 748 erecta
965 714 1029 749 est
1044 741 1056 761 ,
1084 714 1133 750 ut
1146 705 1354 763 diximus,
1375 708 1613 754 sectionem
1633 723 1712 769 per

318 769 499 830 longum
516 771 722 819 deorsum
741 789 892 821 versus
915 775 1136 823 admittit?
1155 780 1207 824 E.
1229 777 1349 825 Nihil
1370 779 1528 824 minus.

316 935 861 954 §mmmmm-<mmmmm
1260 937 1716 956 «mmmmm

796 1058 1015 1110 CAPUT
1051 1061 1198 1109 XIII.

316 1207 524 1253 Animus
557 1207 867 1268 incorporeus
891 1208 1045 1253 cernit
1074 1207 1378 1269 incorporea.
1410 1231 1471 1243 --·
1505 1207 1714 1252 Animus

896 1277 1018 1340 quid
1049 1279 1127 1324 sit.

373 1415 520 1459 XXII.
547 1416 599 1458 A.
625 1415 905 1469 UNQUAM—Nr:
926 1414 1060 1473 igitur
1083 1415 1220 1457 oculis
1241 1416 1332 1457 istis
1363 1414 1609 1472 corporeis,
1642 1412 1712 1456 vel

316 1486 400 1531 tale
422 1495 637 1546 punctum
653 1521 664 1542 ,
689 1484 759 1531 vel
781 1485 911 1529 talem
952 1483 1112 1529 lineam
1131 1519 1142 1540 ‚
1180 1483 1251 1529 vel
1272 1482 1405 1527 talem
1431 1481 1712 1527 latitudinem

313 1557 489 1603 vidisti?
511 1561 564 1604 E.
590 1558 783 1602 Omnino
796 1572 1026 1618 nunquam
1053 1576 1062 1602 :
1086 1572 1179 1601 non
1193 1556 1312 1600 enim
1333 1564 1436 1600 sunt
1452 1555 1533 1599 ista
1555 1570 1712 1615 corpo-

314 1645 402 1675 rea.
417 1631 469 1674 A.
495 1628 630 1689 Atqui
653 1630 687 1671 si
719 1642 929 1687 corporea
966 1629 1184 1686 corporeis
1207 1626 1345 1673 oculis
1365 1627 1476 1672 mira
1516 1627 1712 1688 quadam

314 1716 461 1746 rerum
482 1699 742 1759 cognatione
763 1706 1029 1754 cernuntur,
1055 1705 1229 1757 oportet
1251 1695 1449 1740 animum
1474 1712 1567 1758 quo
1588 1695 1713 1742 vide-

313 1788 410 1817 mus
432 1771 506 1815 illa
528 1769 843 1831 incorporalia,
876 1783 1137 1829 corporeum
1159 1783 1372 1828 corpusve
1395 1783 1487 1812 non
1514 1783 1605 1813 esse
1625 1787 1634 1814 ε
1654 1784 1710 1813 an

316 1854 364 1888 tu
387 1843 511 1887 aliter
532 1842 746 1886 existimas
761 1842 780 1885 Ρ
795 1843 848 1886 Ε.
870 1843 962 1899 Age
975 1875 985 1895 ‚
1005 1841 1098 1900 jam
1115 1838 1311 1884 concedo
1333 1854 1491 1899 corpus
1511 1854 1602 1884 non
1620 1854 1710 1884 esse

315 1915 511 1960 animum
543 1912 612 1957 vel
642 1912 883 1974 quidquam
918 1927 1178 1972 corporeum
1207 1931 1216 1958 ε
1252 1911 1361 1972 quid
1398 1921 1462 1957 est
1500 1913 1705 1969 tandem,

314 1986 384 2031 dic
415 1985 549 2030 mihi?
582 1988 634 2030 A.
661 1984 771 2028 Vide
794 1984 970 2028 interim
1003 1993 1154 2029 utrum
1191 1983 1443 2029 confectum
1477 1984 1532 2029 sit
1564 1999 1709 2029 carere

313 2057 440 2102 illum
461 2055 535 2102 illa
551 2055 669 2101 omni
685 2055 952 2116 quantitate,
972 2053 1027 2099 de
1049 2071 1136 2117 qua
1153 2071 1272 2100 nune
1291 2055 1476 2116 quaestio
1494 2063 1558 2099 est
1576 2073 1584 2099 :
1606 2070 1709 2099 nam

313 2128 422 2190 quid
443 2129 497 2173 sit
519 2128 686 2173 animus
700 2163 709 2181 ‚
747 2126 935 2172 oblitum
968 2135 1011 2170 te
1050 2142 1140 2173 esse
1162 2126 1296 2171 miror
1316 2126 1460 2186 priore
1481 2125 1596 2170 inter
1629 2141 1709 2175 nos

313 2201 553 2262 quaestione
570 2199 825 2244 discussum.
853 2199 1088 2243 Meministi
1111 2198 1228 2243 enim
1260 2207 1304 2242 te
1329 2198 1534 2259 quaesisse
1555 2197 1708 2258 primi-

313 2281 382 2316 tus
415 2271 534 2316 unde
563 2281 696 2327 esset,
739 2269 860 2332 quod
895 2269 1068 2315 duobus
1098 2269 1239 2314 modis
1262 2286 1285 2313 a
1315 2269 1440 2314 nobis
1471 2278 1706 2313 tractatum

314 2358 403 2387 esse
432 2343 611 2386 memini
638 2358 780 2397 :uno‚
808 2357 896 2402 quo
918 2341 1040 2402 quasi
1073 2341 1128 2385 de
1150 2340 1326 2399 regione
1358 2341 1450 2401 ejus
1472 2339 1705 2400 quaesitum

313 2423 374 2458 est
403 2433 411 2458 :
438 2413 572 2457 altero
589 2449 599 2469 ,
631 2423 884 2457 utrumnam
904 2427 953 2455 ex
975 2421 1088 2456 terra
1103 2447 1113 2467 ,
1137 2410 1208 2457 vel
1229 2411 1330 2470 igne
1344 2445 1356 2467 ‚
1381 2410 1453 2456 vel
1483 2409 1568 2454 alio
1589 2425 1704 2471 quo-

312 2486 428 2546 piam
448 2485 628 2529 istorum
671 2483 987 2528 elementorum
1011 2492 1145 2539 esset,
1191 2481 1333 2527 velex
1361 2482 1564 2528 omnibus
1582 2516 1593 2536 ‚
1630 2480 1704 2525 vel

314 2572 362 2599 ex-
379 2556 596 2616 aliquibus
623 2556 795 2601 horum.
821 2558 871 2601 In
897 2571 984 2615 qua
1007 2555 1246 2615 quaestione
1276 2554 1598 2601 constititinter
1619 2567 1699 2597 nos
