1888 3168
359 212 441 252 4:36
781 222 813 249 S.
852 220 1080 251 Atcrs‘rim
1114 224 1294 251 EPISCOPI

354 289 493 333 multa
516 288 631 333 dicta
654 298 756 333 sunt
787 305 886 334 cum
909 306 1202 351 ‹purrereinus
1219 326 1229 345 ,
1267 304 1376 350 quos
1409 289 1582 335 sibimet
1604 307 1735 352 opor-

352 370 440 405 teat
462 360 629 404 misceri
652 359 805 420 pedeS,
832 370 874 405 et
896 361 1016 421 quod
1039 361 1093 406 ad
1116 371 1353 406 metrorum
1377 361 1532 405 attinet
1555 363 1736 422 copula-

350 432 511 476 tionem
529 467 539 486 ,
565 431 777 476 nonnulla
795 432 979 477 dicenda
1002 442 1104 477 sunt
1125 448 1225 477 cum
1249 432 1303 477 de
1324 431 1519 476 versibus
1533 432 1736 478 disserere

349 504 609 563 coeperimus
636 522 644 547 :
667 504 914 564 junguntur
940 503 1056 547 enim
1080 503 1161 547 sihi
1188 502 1318 563 pedes
1346 513 1474 563 atque
1502 503 1738 549 miscentur

347 572 588 618 secundum
612 574 800 633 regulas,
826 589 933 634 quas
959 573 1005 618 in
1033 573 1225 618 secundo
1249 588 1445 618 sermone
1468 574 1732 634 aperuimus.

348 648 400 689 ln
422 645 505 689 1100
528 653 673 690 autem
696 644 806 689 illud
829 643 1054 689 sciendum
1077 655 1163 701 est,
1189 645 1315 689 metri
1337 661 1525 706 quaeque
1552 661 1733 705 genera,

344 733 444 778 quae
463 733 485 761 a
501 717 639 777 po‘etis
656 718 747 777 jani
770 716 987 762 celebrata
1009 727 1132 773 sunt,
1159 717 1359 762 hahuisse
1381 727 1578 763 auctores
1601 727 1644 763 et
1664 718 1736 763 in-

342 796 544 833 ventores
562 803 677 842 suos,
704 804 727 831 a
745 787 906 848 quibus
928 788 1141 849 quasdam
1165 797 1302 833 certas
1323 787 1437 846 leges
1452 789 1612 848 positas
1627 805 1735 834 con-

345 858 508 904 vellere
546 859 847 919 prohibemur.
880 862 978 905 Non
1011 860 1129 904 enim
1153 869 1341 920 oportet,
1367 875 1468 905 cum
1490 859 1553 904 illi
1575 876 1644 906 eas
1666 877 1737 906 ra·-

278 940 284 941 ’
346 930 462 975 tione
495 931 693 986 fixerint,
733 929 900 991 aliquid
932 931 993 974 ihi
1024 940 1194 975 mutare
1222 950 1231 976 :
1267 931 1464 991 quamvis
1494 931 1736 977 secundum

343 1001 559 1046 rationem
581 1001 673 1046 sine
697 1002 868 1046 aurium
891 1002 1132 1047 offensione
1153 1002 1365 1062 possimus
1383 1021 1392 1048 :
1418 1003 1542 1063 cujus
1564 1003 1735 1063 1010ος-

341 1073 452 1118 nitio
468 1089 557 1118 non
572 1082 663 1118 arte
679 1109 689 1129 ,
711 1073 787 1118 sed
807 1073 985 1119 historia
1008 1073 1192 1119 traditur
1213 1094 1220 1119 :
1242 1073 1360 1118 unde
1382 1073 1575 1118 creditur
1589 1075 1734 1134 potius

341 1159 475 1205 quam
501 1145 793 1204 cognoscitur.
819 1148 971 1206 Neque
994 1146 1111 1190 enim
1129 1147 1163 1191 si
1185 1145 1433 1202 Phaliscus,
1455 1146 1600 1192 neseio
1623 1147 1698 1208 qui
1717 1181 1729 1204 ,

341 1224 479 1260 metra
502 1215 561 1260 ita
584 1216 856 1277 composuit,
881 1225 932 1261 ut
952 1217 1046 1262 haec
1063 1227 1240 1274 sonant,

437 1318 652 1384 Quando
659 1318 883 1384 flagella
903 1319 1051 1384 ligas,
1073 1323 1144 1368 ita
1166 1321 1287 1385 liga,

431 1390 563 1437 Vitis
583 1400 629 1437 et
649 1390 802 1437 ulmus
822 1393 892 1438 uti
907 1391 1051 1438 simul
1070 1402 1205 1450 eant,

335 1498 443 1543 seire
463 1498 548 1543 1100
567 1514 818 1558 possumus3
838 1497 915 1544 sed
930 1497 1237 1544 tantummodo
1252 1497 1428 1543 credere
1445 1497 1666 1544 audiendo
1688 1507 1732 1545 et

335 1568 539 1628 legendo.
558 1568 675 1613 lllud
689 1580 753 1614 est
770 1569 1008 1629 disciplinae
1021 1605 1031 1625 ,
1052 1569 1173 1630 quod
1190 1569 1246 1614 ad
1262 1585 1340 1614 nos
1355 1569 1543 1629 pertinet
1555 1605 1566 1626 ,
1582 1569 1730 1615 videre

336 1649 486 1684 utrum
507 1641 591 1685 hoe
615 1640 753 1684 tribus
776 1640 960 1699 dactylis
974 1650 1143 1686 constet
1156 1650 1199 1685 et
1221 1641 1474 1700 pyrrhichio
1487 1640 1664 1697 ultimo,
1680 1650 1732 1686 ut

336 1711 536 1772 plerique
558 1711 735 1756 musicae
759 1711 947 1771 imperiti
985 1721 1244 1769 autumant,
1268 1727 1358 1757 non
1389 1711 1505 1756 enim
1537 1712 1732 1757 sentiunt

334 1782 639 1843 pyrrhichium
661 1783 766 1842 poni
789 1798 880 1827 non
901 1798 1025 1843 posse
1047 1791 1144 1843 post
1164 1782 1414 1841 dactylum:
1451 1798 1528 1840 an,
1549 1792 1599 1827 ut
1621 1783 1730 1828 ratio

336 1859 490 1915 docet,
517 1860 682 1919 primus
702 1875 776 1920 pes
798 1859 850 1903 sit
870 1860 916 1903 in
932 1860 1016 1904 hoc
1034 1868 1174 1904 metro
1191 1858 1490 1914 choriambus,
1512 1858 1729 1904 secundus

335 1931 502 1976 ionicus
524 1930 656 1990 longa
678 1930 841 1988 syllaba
862 1930 906 1973 in
929 1930 1036 1974 duas
1057 1929 1198 1974 soluta
1219 1929 1390 1985 breves,
1416 1928 1596 1974 ultimus
1619 1931 1729 1974 iam-

335 2002 443 2058 hus,
470 2011 566 2063 post
586 2018 717 2063 quem
743 2002 823 2046 tria
846 2011 1042 2062 tempora
1063 2001 1309 2045 silebuntur
1331 2022 1338 2047 :
1362 2001 1482 2063 quod
1504 2002 1728 2047 semidocti

334 2074 533 2120 homines
553 2073 711 2118 sentire
728 2081 925 2133 possent,
951 2073 984 2117 si
1018 2090 1041 2117 a
1079 2072 1210 2118 docto
1231 2072 1473 2117 secundum
1496 2082 1727 2134 utramque

334 2145 477 2205 legem
500 2145 857 2206 pronuntiaretur
875 2154 919 2188 et
940 2143 1239 2204 plauderetur.
1258 2148 1323 2188 Ita
1346 2144 1462 2188 enim
1482 2144 1669 2189 naturali
1683 2154 1727 2190 et

333 2216 558 2262 communi
588 2232 712 2261 sensu
741 2214 1008 2277 judicarent:
1041 2215 1148 2276 quid
1169 2214 1407 2275 disciplinae
1438 2231 1591 2261 norma
1609 2231 1724 2276 prae-

332 2289 557 2334 scriberet.

392 2361 559 2405 XXXI.
595 2363 911 2405 Verumtamen
934 2357 1055 2421 quod
1078 2362 1210 2404 Poe’ta
1232 2357 1302 2403 ille
1322 2360 1402 2404 hos
1423 2374 1625 2404 numeros
1639 2358 1723 2403 im-

332 2431 514 2476 mobiles
529 2448 616 2475 esse
631 2431 795 2487 voluit,
816 2447 916 2477 cum
930 2432 1013 2476 hoc
1032 2440 1170 2475 metro
1184 2431 1350 2474 utimur
1360 2466 1370 2486 ,
1387 2429 1719 2475 custodiendum

335 2511 428 2546 est:
462 2518 552 2546 non
584 2503 701 2546 enim
730 2502 904 2546 fraudat
934 2501 1160 2559 auditum3
1184 2516 1437 2562 quanquam
1459 2516 1583 2562 aeque
1612 2499 1720 2544 nihil

331 2572 580 2628 fraudaret,
607 2573 638 2617 si
663 2571 732 2616 vel
755 2588 834 2632 pro
856 2572 1107 2618 choriambo
1129 2571 1369 2617 diiambum
1393 2571 1463 2617 vel
1489 2571 1628 2631 ipsun]
1653 2571 1719 2616 io-
