1883 3194
314 208 369 246 52
742 218 776 247 s.
813 217 1045 248 auersum
1078 217 1259 249 Episcopi

309 370 1702 392 mmmssmmmmmmmmmmmmmmmu

806 507 1028 560 CAPUT
1064 510 1184 559 VII.

689 653 937 703 Adversus
967 653 1310 703 Academicos.

361 792 481 837 XVI.
510 793 613 838 TUM
648 807 751 853 ego:
797 792 1026 850 Quamdiu,
1052 794 1257 856 inquam,
1302 791 1494 851 Licenti,
1527 792 1574 838 in
1614 793 1698 839 isto

299 874 450 910 nostro
471 864 670 925 longiore
683 881 817 927 quam
832 866 1045 927 putabam
1066 881 1265 912 sermone
1287 865 1586 928 conquiescis?
1600 867 1698 911 Au-

297 936 401 982 disti
419 937 496 999 qui
518 937 605 982 sint
634 937 883 983 Academici
904 939 1002 984 tui?
1024 941 1082 984 At
1107 938 1182 984 ille
1203 937 1452 985 verecunde
1482 936 1693 995 arridens,

291 1016 337 1054 et
358 1007 635 1070 aliquantum
649 1009 732 1054 hac
752 1008 1090 1070 compellatione
1104 1010 1321 1056 turbatior
1346 1027 1355 1056 :
1382 1010 1576 1055 Poenitet
1596 1024 1691 1066 me,

291 1079 460 1140 inquit,
486 1089 715 1141 tantopere
738 1081 974 1126 affirmasse
1012 1090 1164 1126 contra
1203 1081 1484 1141 Trygetium,
1520 1081 1694 1126 beatam

290 1151 426 1196 vitam
448 1151 494 1196 in
528 1151 719 1196 veritatis
748 1152 1030 1213 inquisitione
1066 1151 1316 1197 consistere.
1357 1153 1468 1197 Nam
1506 1166 1577 1196 me
1613 1153 1694 1197 ista

290 1223 479 1284 quaestio
501 1223 562 1267 ita
583 1223 837 1283 perturbat,
872 1233 923 1268 111
952 1223 1024 1268 vix
1045 1239 1136 1269 11011
1172 1224 1302 1268 miser
1323 1223 1428 1280 sim,
1469 1223 1547 1285 qui
1577 1232 1694 1269 certe

291 1294 437 1351 vobis,
463 1294 497 1338 si
516 1294 624 1355 quid
640 1293 924 1338 humanitatis
939 1294 1106 1352 geritis,
1131 1294 1283 1340 videor
1297 1295 1584 1341 miserandus.
1608 1296 1694 1342 Sed

288 1365 400 1428 quid
422 1381 491 1410 1110
528 1366 620 1426 ipse
661 1365 836 1426 ineptus
860 1365 1038 1410 crucio?
1058 1368 1149 1410 Aut
1186 1364 1296 1426 quid
1329 1366 1541 1412 exhorreo
1571 1375 1694 1412 tanta

288 1454 433 1485 causae
470 1437 668 1483 bonitate
690 1437 931 1482 subnixus?
961 1441 1142 1483 Prorsus
1165 1453 1256 1482 non
1279 1436 1434 1482 cedam
1456 1437 1540 1483 nisi
1569 1439 1691 1484 veri-

287 1511 384 1556 tati.
401 1509 679 1567 Placent-ne,
700 1510 897 1572 inquam,
918 1509 999 1555 tibi
1016 1510 1120 1556 novi
1132 1509 1405 1555 Academici?
1422 1509 1686 1568 Plurimum,

286 1581 448 1644 inquit.
471 1584 590 1642 Ergo
605 1597 758 1627 verum
775 1581 985 1627 videntur
1018 1581 1101 1627 tibi
1132 1581 1306 1627 dicere?
1330 1583 1443 1627 Tum
1481 1581 1558 1628 ille
1587 1599 1690 1632 cum

282 1655 377 1716 jam
399 1662 512 1699 esset
523 1669 790 1709 assensurus,
815 1653 1022 1698 arrisione
1038 1651 1538 1714 Alypiicauti01·factu8‚
1563 1654 1690 1702 haesit

284 1725 585 1786 aliquantum.
611 1727 669 1770 Et
693 1724 854 1771 deinde
881 1743 890 1770 z
915 1727 1098 1785 Repete,
1125 1724 1292 1787 inquit,
1318 1725 1684 1784 rogatiunculam.

287 1798 560 1852 Verum-ne,
584 1795 791 1856 inquam,
816 1796 898 1842 tibi
923 1796 1133 1842 videntur
1160 1795 1411 1842 Academici
1432 1796 1608 1843 dicere?
1629 1801 1688 1845 Et

285 1883 464 1913 rursum
486 1881 589 1913 eum
606 1865 688 1910 diu
699 1864 903 1910 tacuisset
929 1883 939 1910 ι
961 1866 1134 1921 Utrum,
1159 1864 1234 1921 ait,
1252 1879 1405 1911 verum
1423 1866 1494 1923 sit,
1519 1868 1683 1916 nescio:

287 1938 518 2000 probabile
541 1946 607 1982 est
627 1945 790 1981 tamen.
809 1937 960 1997 Neque
982 1935 1100 1980 enim
1116 1934 1214 1996 plus
1231 1934 1361 1981 video
1375 1935 1497 1998 quod
1509 1953 1681 2000 sequar.

283 2009 534 2064 Probabile,
552 2009 752 2070 inquam,
768 2007 932 2053 scis-ne
956 2007 1012 2052 ab
1030 2007 1130 2068 ipsis
1153 2008 1284 2053 etiam
1296 2008 1528 2054 verisimile
1542 2011 1685 2056 nomi-

281 2082 408 2127 nari?
427 2083 514 2136 Ita,
539 2079 705 2141 inquit,
730 2078 920 2124 videtur.
945 2081 1086 2138 Ergo,
1109 2077 1315 2140 inquam,
1346 2079 1591 2126 verisimilis
1619 2091 1684 2127 est

286 2153 652 2201 Academicorum
670 2152 900 2197 sententia.
923 2154 1006 2207 Ita,
1020 2151 1181 2212 inquit.
1203 2152 1301 2196 Jam
1313 2167 1461 2213 quaeso
1483 2153 1677 2211 attende,

279 2227 485 2287 inquam,
512 2223 777 2283 diligentius.
813 2223 857 2269 Si
892 2222 1127 2285 quisquam
1167 2221 1347 2267 fratrem
1378 2232 1505 2268 tuum
1535 2224 1680 2269 visum

278 2298 413 2358 patris
435 2297 501 2341 tui
523 2294 708 2341 similem
739 2310 829 2339 esse
852 2295 1062 2350 affirmet,
1092 2294 1325 2355 ipsumque
1351 2303 1480 2339 tuum
1508 2304 1678 2356 patrem

280 2385 371 2414 non
389 2368 579 2425 noverit,
608 2382 755 2412 nonne
777 2366 858 2410 tibi
891 2365 1088 2422 insanus,
1115 2374 1192 2410 aut
1220 2365 1394 2425 ineptus
1419 2365 1676 2413 videbitur?

280 2443 339 2485 Et
359 2439 431 2484 hic
454 2438 530 2483 diu
552 2438 702 2484 tacuit.
731 2439 841 2482 Tum
865 2437 944 2482 ait:
970 2439 1068 2483 Non
1087 2436 1194 2481 1111111
1223 2436 1306 2482 1100
1327 2436 1504 2482 videtur
1526 2437 1676 2483 absur-

281 2512 403 2558 dum.

337 2585 482 2630 XVII.
504 2582 586 2630 Cui
605 2598 682 2642 ego
702 2598 803 2629 cum
821 2582 1083 2643 respondere
1105 2581 1353 2642 coepissem:
1375 2584 1585 2644 Expecta,
1609 2581 1673 2627 in-
