1888 3168
639 188 693 216 DE
725 182 879 215 MUSICA
912 186 994 214 Lm.
1031 187 1061 212 1.
1455 173 1538 213 335

151 259 213 302 ria
233 258 359 315 (nam
381 254 493 300 illud
530 269 620 300 non
639 263 703 299 est
724 255 815 298 sine
836 267 1043 312 corpore,
1069 259 1113 296 et
1144 260 1383 312 utrumque
1408 252 1539 296 etiam

150 329 196 373 in
216 327 357 373 bestia
371 325 580 385 est)‚-sed
603 326 650 370 in
672 325 764 370 solo
778 318 1006 369 intellectu
1030 321 1291 368 collocavit?
1312 325 1366 367 D.
1387 325 1443 367 Et
1458 323 1544 368 hoc

151 408 332 460 expecto
367 396 475 459 quid
500 406 543 442 te
562 395 752 457 adjuvet.
780 398 842 441 M.
864 393 984 441 Nihil
1013 392 1154 449 aliud,
1191 393 1274 438 nisi
1295 408 1444 439 omnes
1467 394 1544 455 qui
1604 384 1608 392 ¹

151 485 327 516 sensum
344 476 610 530 sequuntur,
635 476 679 512 et
695 466 818 528 quod
836 467 883 511 in
903 480 956 511 eo
968 463 1157 510 delectat
1177 464 1399 509 memoriae
1420 480 1543 509 com-

152 541 384 597 mendant,
426 549 560 600 atque
596 538 842 584 secundum
882 536 929 582 id
970 552 1128 597 corpus
1168 545 1394 582 moventes
1408 571 1419 592 ,
1456 535 1545 580 vim

151 611 389 674 quamdam
413 611 668 657 imitationis
697 611 966 672 adjungunt,
999 624 1090 653 non
1111 623 1183 654 eos
1204 608 1368 653 habere
1404 608 1547 653 scien-

152 685 285 740 tiam,
316 684 515 744 quamvis
543 682 681 743 perite
718 698 768 727 ac
790 681 919 726 docte
951 679 1260 725 multarfacere
1281 679 1543 736 videantur,

152 755 187 799 si
209 769 301 798 rem
323 755 462 815 ipsam
483 770 617 815 quam
648 753 912 815 profitentur
932 760 1008 796 aut
1029 751 1238 796 exhibent
1252 786 1263 808 ,
1299 750 1549 796 intellectus

152 825 344 885 puritate
378 841 427 870 ac
453 825 636 870 veritate
665 840 757 869 non
785 833 978 868 teneant.
1014 825 1073 868 At
1100 823 1133 867 si
1173 822 1281 867 tales
1324 837 1414 866 esse
1448 822 1550 866 istos

152 895 386 941 theatricos
413 895 633 956 operarios
661 895 770 940 ratio
803 894 1193 950 demonstraverit,
1220 892 1330 937 nihil
1363 892 1465 948 erit,
1498 901 1548 937 ut

153 968 332 1028 opinor,
359 985 437 1014 cur
455 967 631 1013 dubites
662 969 720 1012 eis
742 984 901 1028 negare
924 966 1147 1012 scientiam
1164 1002 1175 1023 ,
1197 975 1241 1010 et
1262 965 1320 1011 ob
1341 966 1426 1010 hoc
1447 980 1549 1009 mu-

153 1039 307 1097 sicam,
341 1058 441 1103 quae
464 1042 643 1087 scientia
673 1040 933 1086 modulandi
961 1049 1048 1096 est,
1083 1047 1367 1100 nequaquam
1388 1052 1549 1083 conce-

153 1111 270 1157 dere.
300 1116 352 1158 D.
378 1113 557 1174 Explica
571 1114 678 1169 hoc,
704 1113 930 1159 videamus
945 1111 1076 1174 quale
1098 1112 1167 1156 sit.

212 1187 290 1230 IX.
326 1188 388 1230 M.
425 1185 718 1231 Mobilitatem
742 1185 983 1245 digitorum
1002 1183 1256 1229 celeriorem
1279 1181 1351 1227 vel
1384 1181 1551 1241 pigrio-·

153 1271 244 1301 rem
266 1256 399 1303 credo
420 1267 464 1302 te
490 1273 581 1302 non
603 1258 794 1302 scientiae
812 1292 823 1313 ‚
849 1257 926 1301 sed
947 1256 1044 1300 usui
1065 1256 1184 1299 dare.
1210 1257 1262 1298 D.
1280 1256 1371 1299 Cur
1383 1253 1443 1296 ita
1459 1267 1554 1297 cre-

152 1328 218 1372 dis
237 1327 313 1373 id?
334 1331 396 1374 Μ.
422 1329 535 1382 Quia
563 1329 761 1389 superius
780 1327 859 1372 soli
883 1330 1030 1370 animo
1048 1324 1274 1370 scientiam
1297 1323 1522 1368 tribuebas
1539 1358 1550 1378 ,

152 1399 236 1443 hoc
258 1408 406 1443 autem
427 1414 685 1459 quanquam
712 1399 956 1459 imperante
979 1397 1125 1441 animo
1142 1432 1152 1452 ,
1178 1405 1328 1441 tamen
1352 1410 1442 1439 esse
1462 1409 1552 1439 cor-

151 1469 269 1529 poris
297 1469 433 1514 vides.
460 1473 512 1514 D.
550 1469 635 1515 Sed
655 1485 757 1514 cum
785 1469 922 1514 sciens
947 1468 1117 1512 animus
1142 1468 1226 1512 hoc
1254 1468 1441 1527 imperat
1462 1481 1556 1510 cor-

152 1542 274 1601 pori,
312 1541 448 1600 magis
475 1542 559 1586 hoc
577 1542 730 1586 scienti
751 1542 898 1586 animo
915 1577 925 1596 ,
952 1556 1085 1601 quam
1107 1539 1395 1585 servientibus
1415 1554 1556 1583 mem-

153 1611 242 1656 bris
275 1611 565 1655 tribuendum
596 1621 720 1672 puto.
760 1615 821 1657 M.
860 1615 1016 1657 Nonne
1052 1626 1199 1655 censes
1225 1625 1350 1670 posse
1385 1610 1478 1653 fieri
1506 1618 1557 1653 ut

154 1698 269 1727 unus
283 1681 420 1726 alium
440 1682 665 1726 scientiam
682 1681 901 1743 praecedat
913 1718 923 1738 ,
949 1697 1051 1726 cum
1066 1681 1140 1725 ille
1157 1681 1400 1742 imperitior
1415 1679 1557 1724 multo

154 1752 324 1799 facilius
354 1762 399 1797 ct
421 1752 664 1813 expeditius
688 1752 844 1811 digitos
871 1755 1078 1798 moveat?
1110 1756 1164 1798 D.
1191 1755 1374 1798 Censeo.
1411 1755 1473 1797 M.
1500 1754 1559 1796 At

155 1826 190 1869 si
211 1834 356 1869 motus
384 1824 499 1869 celer
531 1834 573 1868 et
602 1824 844 1884 expeditior
870 1824 1108 1884 digitorum
1142 1823 1334 1868 scientiae
1362 1823 1560 1868 tribuen-

156 1895 238 1940 dus
268 1905 402 1951 esset,
439 1903 564 1939 tanto
586 1894 633 1938 in
671 1910 723 1940 eo
754 1894 942 1955 quisque
964 1893 1221 1950 excelleret,
1249 1904 1417 1955 quanto
1451 1903 1560 1938 esset

156 1966 375 2012 scientior.
397 1969 450 2010 D.
473 1966 695 2010 Concedo.
717 1968 779 2010 M.
798 1965 989 2010 Attende
1010 1966 1140 2009 etiam
1162 1965 1295 2010 istud.
1329 1968 1441 2011 Nam
1463 1966 1559 2025 opi-

157 2054 238 2083 nor
270 2053 593 2098 nonnunquam
625 2045 671 2081 te
712 2036 1068 2082 animadvertisse
1097 2035 1272 2093 fabros,
1303 2036 1374 2081 vel
1403 2037 1558 2097 hujus-

157 2109 278 2155 modi
313 2109 513 2170 opifices,
548 2109 659 2153 ascia
682 2108 771 2152 sive
796 2109 935 2153 securi
957 2107 1162 2153 eumdem
1184 2108 1332 2154 locum
1362 2107 1560 2154 feriendo

158 2190 354 2242 repetere
370 2217 381 2238 ,
399 2190 443 2226 et
465 2196 556 2226 non
579 2179 664 2225 alio
688 2196 821 2240 quam
843 2195 895 2224 eo
919 2195 1008 2241 quo
1029 2179 1222 2225 intendit
1239 2179 1409 2224 animus
1423 2180 1561 2224 ictum

158 2252 400 2313 perducere
414 2288 424 2308 ,
450 2251 572 2314 quod
584 2267 664 2297 nos
678 2260 897 2297 tentantes
919 2267 1021 2296 cuni
1044 2252 1213 2313 assequi
1230 2252 1487 2312 nequimus,
1505 2251 1560 2296 ab

161 2323 219 2368 eis
244 2339 358 2384 saepe
380 2322 627 2368 irridemur.
656 2326 708 2368 D.
734 2326 800 2368 Ita
823 2332 886 2368 est
908 2331 958 2367 ut
981 2322 1102 2368 dicis.
1136 2326 1197 2368 M.
1231 2325 1349 2382 Ergo
1381 2337 1483 2367 cum
1515 2321 1561 2366 id

161 2411 240 2440 nos
263 2394 405 2440 facere
427 2411 517 2440 non
536 2395 732 2440 valemus
747 2431 758 2452 ,
785 2394 1004 2456 numquid
1035 2395 1288 2454 ignoramus
1310 2394 1420 2454 quid
1441 2393 1561 2438 feriri

149 2467 344 2524 debeat,
369 2466 440 2513 vel
462 2477 679 2529 quantum
702 2467 862 2513 debeat
886 2467 1133 2527 amputari?
1154 2470 1205 2511 D.
1237 2469 1360 2526 Saepe
1387 2466 1562 2524 ignora—

162 2553 285 2595 mus,
322 2554 436 2600 saepe
468 2539 642 2585 scimus.
669 2542 730 2586 M.
769 2542 855 2584 Fac
884 2554 988 2598 ergo
1011 2537 1202 2598 aliquem
1233 2553 1359 2583 nosse
1381 2537 1528 2582 omnia
1547 2572 1557 2592 ,
