1888 3168
525 191 650 218 Lrnmt
682 191 738 218 DE
772 187 1049 227 QUANTITATE
1083 189 1246 218 ANJMAE.
1505 182 1589 221 267

185 272 279 302 non
300 255 438 316 magis
455 256 540 301 1106
559 255 850 317 quaerendum
872 271 963 301 esse
980 271 1115 316 quam
1136 256 1255 301 unde
1278 257 1332 302 sit
1355 266 1469 303 terra
1483 295 1493 314 ‚
1518 259 1589 304 vel

184 329 219 373 si
240 326 362 389 quod
400 326 519 372 aliud
554 326 875 376 elementorum
908 326 1201 386 singulorum.
1243 327 1587 389 Intelligendum

184 409 248 445 est
268 400 408 455 enim,
434 414 693 460 quanquam
716 402 830 444 Deus
853 397 1004 443 fecerit
1026 398 1223 442 animum
1239 434 1250 454 ‚
1275 399 1440 444 habere
1461 399 1588 446 illum

182 479 345 516 certam
381 469 672 514 substantiam
688 505 699 526 ,
741 487 842 532 quae
863 484 1009 531 neque
1032 478 1202 514 terrena
1217 505 1228 526 ‚
1253 486 1398 531 neque
1437 472 1559 529 ignea
1573 509 1583 529 ,

182 557 327 603 neque
349 541 463 586 aeria
496 540 572 597 sit,
599 557 744 602 neque
781 540 964 586 humida
992 558 1001 587 :
1027 540 1110 585 nisi
1142 540 1256 586 forte
1280 542 1586 587 arbitrandum

181 623 245 659 est
263 616 404 658 Deum
420 621 549 657 terrae
583 611 753 658 dedisse
773 622 823 658 ut
844 612 954 658 nihil
976 611 1098 657 aliud
1121 612 1176 657 sit
1211 629 1347 674 quam
1375 622 1489 659 terra
1503 650 1514 670 ,
1543 623 1586 660 et

179 700 270 730 non
288 682 459 729 dedisse
473 684 619 730 animo
634 693 685 729 ut
702 684 809 730 nihil
825 684 946 730 aliud
958 700 1093 746 quam
1107 685 1280 731 animus
1292 686 1360 732 sit.
1381 687 1423 732 Si
1438 696 1586 732 autem

184 753 358 801 definiri
381 755 462 800 tibi
479 756 676 801 animum
693 757 775 814 vis,
799 767 843 802 et
871 756 970 802 ideo
989 758 1148 819 quaeris
1171 757 1280 820 quid
1311 758 1365 804 sit
1387 759 1581 816 animus,

182 825 309 872 facile
330 827 590 888 respondeo.
617 830 728 874 Nam
749 829 856 874 mihi
880 827 1055 875 videtur
1078 844 1168 874 esse
1190 830 1434 876 substantia
1462 846 1586 892 quae-

179 898 282 944 dam
302 898 481 945 rationis
502 899 741 962 particeps,
763 899 963 962 regendo
984 902 1159 963 corpori
1181 902 1529 950 accommodata.

1181 1060 1577 1082 mmmmm

178 1057 966 1079 mmmmmmmmmm

673 1184 892 1236 CAPUT
932 1187 1078 1238 xiv.
1122 1246 1134 1259 2

347 1331 557 1379 Animus
592 1333 904 1396 incorporeus
938 1343 1175 1394 quantum
1210 1332 1394 1380 valeat.

227 1478 398 1523 XXIII.
423 1480 589 1534 ITAQUE
619 1477 733 1524 illud
753 1478 899 1539 potius
939 1478 1146 1535 attende,
1185 1478 1307 1525 unde
1341 1480 1581 1541 ambigitur

169 1543 290 1594 nune
311 1559 464 1595 utrum
500 1551 749 1613 quantitas,
792 1560 836 1596 et
857 1551 1003 1612 quasi,
1047 1561 1099 1597 ut
1138 1551 1199 1596 ita
1236 1552 1403 1609 dicam,
1441 1552 1578 1598 locale

167 1620 357 1680 spatium
380 1621 527 1666 animo
549 1621 693 1666 ullum
714 1622 785 1666 sit.
809 1624 921 1668 Nam
943 1620 1143 1682 profecto
1169 1623 1272 1680 quia
1305 1636 1463 1682 corpus
1486 1637 1577 1669 non

164 1700 253 1746 est,
280 1705 424 1751 neque
460 1692 578 1734 enim
601 1689 725 1734 aliter
763 1689 1022 1750 incorporea
1059 1688 1150 1735 ulla
1173 1706 1351 1736 eernere
1385 1691 1571 1750 valeret,

166 1771 218 1806 ut
238 1762 438 1821 superior
460 1761 569 1805 ratio
584 1759 937 1817 demonstrabat,
960 1760 1116 1821 procul
1138 1759 1276 1807 dubio
1294 1773 1413 1808 earet
1434 1765 1575 1825 spatio

166 1849 256 1895 quo
269 1849 454 1894 corpora
479 1833 726 1878 metiuntur
752 1852 761 1878 z
786 1841 830 1878 et
852 1832 909 1877 ob
925 1833 1009 1879 1106
1033 1843 1151 1879 recte
1172 1833 1322 1892 credi,
1351 1845 1427 1882 aut
1450 1838 1573 1897 cogi-

165 1905 269 1961 tari,
289 1914 365 1950 aut
385 1903 571 1964 intelligi
584 1903 680 1949 talis
702 1905 795 1965 ejus
809 1905 1031 1966 quantitas
1048 1922 1140 1951 non
1157 1916 1316 1967 potest.
1354 1908 1398 1953 Si
1423 1918 1572 1954 autem

165 1986 209 2021 te
229 1986 378 2022 movet
391 2012 403 2033 ,
422 1992 501 2022 6111Ί
522 1985 643 2021 tanta
660 1975 785 2033 coeli,
802 1985 931 2021 terrae
943 2013 953 2033 ,
970 1979 1190 2039 marisque
1207 1979 1345 2040 spatia
1358 1982 1570 2026 memoria

164 2049 414 2106 contineat,
437 2064 540 2094 cum
563 2049 617 2093 sit
638 2049 729 2109 ipse
743 2047 910 2094 nullius
931 2050 1215 2111 quantitatis?
1233 2051 1342 2096 mira
1365 2051 1569 2113 quaedam

162 2122 227 2167 vis
244 2131 334 2178 est,
371 2136 506 2183 quam
537 2130 686 2166 tamen
709 2136 760 2165 ex
782 2120 832 2166 iis
862 2137 962 2182 quae
985 2138 1009 2167 a
1034 2122 1161 2167 nobis
1184 2133 1407 2184 comperta
1441 2133 1566 2181 sunt,

163 2204 382 2254 quantum
404 2193 516 2239 inest
537 2194 715 2253 ingenio
731 2201 809 2238 tuo
830 2192 1009 2254 luminis
1023 2230 1034 2250 ,
1060 2194 1406 2241 animadvertere
1425 2205 1563 2257 potes.

165 2266 209 2311 Si
233 2265 350 2309 enim
372 2281 529 2327 corpus
553 2265 728 2311 nullum
752 2275 839 2321 est,
875 2275 927 2311 ut
948 2267 1059 2312 ratio
1088 2268 1180 2329 jam
1199 2267 1413 2323 ostendit,
1446 2269 1568 2330 quod

161 2335 460 2396 longitudine,
495 2336 752 2393 latitudine,
794 2336 1025 2382 altitudine
1059 2348 1229 2395 eareat,
1255 2338 1453 2401 nihilque
1485 2341 1568 2385 ho-

162 2423 261 2452 rum
278 2408 359 2453 nisi
381 2424 482 2453 eum
505 2408 599 2454 aliis
620 2409 797 2454 duobus
820 2425 910 2454 esse
934 2410 981 2454 111
1011 2426 1197 2471 corpore
1219 2421 1363 2472 potest
1378 2448 1389 2468 ,
1417 2412 1564 2457 animo

161 2489 309 2525 tamen
351 2480 483 2524 etiarn
505 2479 643 2526 solam
684 2480 845 2526 lineam
874 2482 1081 2527 interiore
1104 2482 1298 2544 quodam
1332 2476 1482 2539 oculo,
1520 2484 1562 2528 id

162 2560 247 2606 est,
288 2549 602 2612 intelligentia,
638 2552 787 2600 videre
830 2568 1085 2600 concessum
1125 2564 1188 2600 est
1206 2591 1216 2610 ,
1257 2556 1444 2601 arbitror
1484 2571 1562 2600 nos
