1888 3168
313 215 396 253 390
735 225 768 253 5.
805 223 1036 254 Aucusrrm
1067 226 1250 256 muscom

311 293 345 336 si
368 291 447 335 tibi
471 291 684 352 quispiam
709 291 845 348 dicat,
882 309 972 337 non
994 292 1254 353 pyrrhichiis
1270 329 1281 350 ‚
1307 293 1383 339 sed
1405 297 1708 355 proceleuma-

309 363 405 407 ticis
422 362 608 423 pedibus
621 363 738 408 hunc
754 364 1013 422 rhythmum
1031 373 1228 409 constare
1239 401 1249 420 ,
1270 364 1378 426 quid
1395 367 1702 426 respondebis?

308 437 360 478 D.
387 437 567 478 Prorsus
584 434 736 492 ignoro
759 454 766 479 ε
793 450 894 479 nam
912 433 989 478 ubi
1009 433 1162 480 decem
1175 436 1416 496 pyrrhichii
1428 447 1531 482 sunt
1545 473 1556 494 ,
1573 439 1700 500 quin-

307 521 394 567 que
411 507 798 567 proceleumaticos
820 506 1002 562 metior,
1038 515 1082 551 et
1104 521 1156 551 eo
1190 507 1327 567 major
1359 507 1578 553 dubitatio
1607 518 1695 566 est,

306 577 427 640 quod
449 578 504 623 de
526 579 734 637 rhythmo
752 577 1043 634 consulimur,
1069 578 1146 639 qui
1167 578 1330 624 scilicet
1350 589 1562 640 perpetuo
1581 581 1694 626 fluit.

304 649 517 695 Undeeim
528 685 539 705 ‚
556 650 671 694 enim
685 649 921 708 pyrrhichii
937 650 1007 694 vel
1019 648 1251 705 tredecim,
1271 658 1315 694 et
1333 650 1533 712 quolibet
1546 651 1697 712 impari

304 736 509 777 numero,
526 737 615 765 non
630 730 808 778 possunt
819 721 982 764 habere
995 721 1216 780 integrum
1230 721 1699 781 proceleumaticorum

304 808 553 837 numerum.
583 793 625 838 Si
648 807 751 851 ergo
775 801 884 836 esset
908 800 1051 837 certus
1078 792 1175 837 finis
1201 793 1247 836 in
1267 793 1352 838 1100
1374 792 1429 837 (10
1451 809 1541 854 quo
1557 795 1700 854 agitur

303 865 534 922 rhythmo⁷
571 863 631 906 ibi
665 863 816 908 saltem
856 862 1000 908 dicere
1027 877 1251 924 possemus
1277 865 1530 924 pyrrhichio
1551 866 1699 926 potius

304 951 436 996 quam
455 933 798 995 proceleumatio
817 946 917 979 eum
933 949 1106 979 currere
1120 970 1131 990 ‚
1152 935 1230 979 ubi
1248 950 1398 980 omnes
1425 936 1585 995 integri
1601 947 1703 996 pro⁴

304 1006 576 1051 celeumatici
590 1022 680 1050 11011
698 1007 1002 1051 invenirentur
1027 1028 1035 1052 z
1063 1023 1181 1052 nunc
1202 1020 1306 1053 vero
1327 1015 1371 1052 01
1391 1008 1534 1068 ipsum
1550 1000 1701 1052 infmia-

303 1088 399 1123 tum
434 1078 560 1123 1101115
592 1078 827 1122 conturbat
853 1077 1098 1139 judicium,
1130 1088 1173 1123 et
1205 1079 1238 1124 ’51
1270 1078 1451 1140 quando
1482 1080 1700 1124 numerati

303 1149 482 1211 quidem
496 1148 628 1210 pedes
641 1185 651 1205 ,
678 1148 754 1194 sed
767 1150 860 1209 pari
877 1165 1062 1195 numero
1082 1151 1209 1196 nobis
1229 1159 1540 1211 proponuntur
1553 1186 1564 1206 ‚
1590 1151 1701 1196 sicut

302 1224 371 1267 isti
396 1232 498 1267 511111
515 1221 683 1268 decem.
703 1226 765 1267 Μ.
785 1223 921 1283 Atqui
936 1239 1016 1268 1100
1039 1222 1094 1268 de
1116 1224 1210 1284 ipso
1227 1224 1382 1284 impari
1404 1236 1590 1269 numero
1603 1236 1702 1284 pyr-

306 1294 577 1339 rhichiorum
592 1331 602 1350 ⁷
621 1293 742 1355 quod
763 1293 845 1337 tibi
866 1293 1007 1337 visum
1027 1304 1113 1349 est,
1133 1291 1304 1356 liquido
1324 1296 1467 1340 visum
1484 1303 1562 1339 est.
1584 1293 1702 1348 Quid

307 1365 425 1408 enim
457 1365 490 1409 si
528 1365 734 1409 undecim
762 1363 994 1424 propositis
1021 1362 1208 1424 pedibus
1233 1365 1494 1424 pyrrhichiis
1531 1365 1703 1409 dicatur

304 1436 538 1493 rhythmus
553 1436 752 1497 quinque
763 1435 926 1479 habere
947 1434 1330 1495 proceleumaticos
1347 1444 1391 1479 et
1406 1434 1671 1495 semipedem
1686 1471 1697 1491 ‚

303 1506 525 1568 numquid
553 1508 690 1551 resisti
717 1515 878 1564 potest,
916 1522 1017 1550 cum
1049 1504 1210 1550 multos
1246 1505 1519 1550 inveniamus
1552 1520 1702 1550 versus

303 1577 447 1624 claudi
469 1578 717 1638 semipede?
739 1581 791 1622 D.
825 1581 849 1622 J
854 1593 923 1621 am
946 1576 1034 1621 dixi
1054 1592 1125 1621 me
1148 1577 1312 1621 nescire
1343 1575 1453 1637 quid
1476 1575 1531 1620 de
1551 1577 1634 1622 hac
1655 1592 1702 1621 re

303 1650 389 1696 dici
410 1651 556 1711 possit,
590 1653 651 1694 M.
677 1653 793 1695 Num
828 1650 958 1693 etiam
1001 1648 1113 1693 illud
1146 1649 1284 1693 nescis
1302 1684 1312 1704 ‚
1338 1647 1702 1711 proceleumatico

302 1723 491 1783 priorem
524 1737 613 1764 0550
642 1722 974 1779 pyrrhichium?
995 1719 1211 1779 siquidem
1238 1719 1413 1764 duobus
1443 1718 1702 1778 pyrrhichiis

304 1791 695 1853 proceleumaticus
713 1791 850 1835 confit
877 1810 885 1835 z
906 1790 1017 1834 sicut
1035 1789 1154 1850 prius
1176 1798 1240 1833 est
1260 1804 1414 1833 unum.
1430 1799 1564 1850 quam
1585 1788 1697 1845 duo,

305 1874 349 1910 et
369 1865 459 1908 duo
482 1878 615 1924 quam
638 1871 827 1923 quatuor
841 1897 852 1917 ,
883 1862 943 1905 ita
972 1859 1337 1921 proceleumatico
1357 1860 1477 1920 prior
1509 1869 1573 1905 est
1597 1875 1701 1918 pyr-

304 1935 512 1980 rhichius.
539 1937 576 1978 D
599 1933 883 1977 Verissimum
915 1939 992 1975 est.
1034 1934 1095 1976 M.
1122 1933 1235 1975 Cum
1263 1945 1363 1989 ergo
1396 1931 1442 1975 in
1471 1931 1700 1976 1131103111-

306 2007 564 2067 biguitatem
578 2005 831 2059 incidimus,
848 2013 899 2048 ut
916 2003 1050 2063 possit
1062 2003 1108 2046 in
1126 2003 1335 2060 rhythmo
1357 2010 1400 2046 et
1419 2002 1699 2062 pyrrhichius

303 2078 447 2123 metiri
470 2087 512 2121 et
534 2075 946 2137 proceleumaticus,
966 2074 1037 2118 cui
1054 2073 1347 2133 principatum
1360 2072 1505 2117 daturi
1519 2089 1668 2118 sumus
1686 2094 1696 2120 ε

301 2151 459 2212 priori,
486 2166 536 2194 ex
562 2164 650 2209 quo
672 2148 748 2191 1510
770 2156 965 2204 constat3
991 2162 1045 2190 an
1067 2145 1315 2205 posteriori,
1338 2161 1388 2189 ex
1409 2161 1499 2206 quo
1518 2144 1590 2190 ille
1609 2159 1699 2191 non

302 2223 504 2268 constat?
527 2224 578 2265 D.
603 2222 738 2264 Nemo
762 2218 983 2262 dubitabit
998 2217 1130 2277 priori
1153 2232 1242 2261 esse
1264 2215 1476 2261 dandum.
1497 2220 1558 2262 M.
1581 2217 1700 2271 Quid

303 2310 405 2353 ergo
428 2293 603 2338 dubitas
621 2291 675 2336 de
688 2292 769 2335 hac
786 2307 829 2335 rc
840 2289 1062 2335 consultus
1081 2288 1341 2349 respondere
1353 2324 1364 2344 ⁷
1388 2289 1697 2349 pyrrhichium

301 2367 446 2427 potius
463 2380 594 2426 quam
616 2363 1027 2424 proceleumaticum
1049 2362 1179 2405 istum
1195 2361 1453 2419 rhythmum
1471 2373 1562 2404 esse
1585 2374 1699 2404 nun'-

301 2435 577 2494 cupandum?
599 2438 650 2478 D.
678 2437 774 2477 Jam
800 2433 979 2477 omnino
1003 2448 1093 2476 11011
1114 2431 1270 2475 dubito
1296 2450 1303 2475 :
1329 2430 1470 2491 pudet
1490 2438 1580 2475 tam
1597 2446 1694 2475 ma—

302 2507 505 2552 nifestam
521 2506 733 2551 rationem
750 2521 837 2550 11011
858 2520 926 2549 me
944 2504 1030 2549 cito
1053 2501 1423 2548 animadvertisse.
