1888 3168
289 174 373 213 400
712 186 744 211 s.
783 183 1008 212 Auousrnvi
1043 186 1223 213 EPISCOPI

287 252 490 295 decorare
528 251 863 308 congruentius,
902 268 1001 296 cum
1040 253 1104 297 his
1136 251 1342 297 elausulae
1375 255 1669 314 colligantur?

291 326 336 365 l).
376 321 556 365 Memini
595 341 603 366 ε
636 321 708 366 sed
749 338 958 383 quorsum
991 324 1084 367 haee
1113 326 1337 383 spectant?
1364 327 1424 368 M.
1455 327 1671 378 Quoniam

286 391 395 435 illud
412 391 512 437 volo
535 392 652 451 prius
670 392 975 451 intelligamus,
1001 394 1303 454 hujuscemodi
1325 395 1510 455 pedibus
1526 412 1548 440 a
1568 401 1673 456 poc-

287 473 429 507 tarum
443 463 699 508 tractatione
712 465 933 524 sejunctis,
952 480 1042 515 non
1060 480 1298 522 remanere,
1319 467 1399 511 nisi
1423 482 1495 511 cos
1513 467 1673 528 quibus

286 534 341 579 ad
364 534 663 590 tantumdem,
690 544 739 578 ut
759 534 978 594 spondeus
1007 546 1070 581 est
1088 573 1098 592 ,
1125 547 1201 581 aut
1223 553 1294 582 605
1318 539 1477 598 quibus
1501 537 1554 583 ad
1587 538 1673 583 du-

286 606 426 666 plum,
453 615 503 650 ut
537 606 729 664 iambus,
762 616 837 650 aut
871 622 943 652 eos
974 608 1136 668 quibus
1173 607 1228 653 ad
1260 618 1499 671 utrumque
1530 619 1675 669 partes

286 677 569 733 conveniunt,
601 687 650 721 ut
671 677 967 723 choriambus.
994 682 1046 723 D.
1072 682 1137 723 Ita
1159 688 1237 723 est.
1263 682 1325 724 M.
1349 682 1407 725 At·
1428 680 1462 725 si
1489 681 1584 725 haee
1612 689 1676 724 cst

286 752 514 808 poetarum
541 749 763 805 materies,
789 758 832 794 et
854 749 997 795 soluta
1019 751 1156 797 oratio
1177 751 1373 796 versibus
1395 751 1569 796 inimica
1593 761 1673 808 est,

287 837 376 866 non
398 837 545 866 versus
568 820 684 866 ullus
702 821 783 865 nisi
805 838 856 866 ex
878 823 962 867 hoe
979 838 1136 882 genere
1158 822 1322 884 pedum
1344 821 1571 867 faciendus
1593 832 1673 867 est.

287 895 338 937 D.
357 892 592 937 Assentior.
618 892 756 937 Video
778 892 896 937 enim
910 897 1113 954 poemata
1132 894 1328 939 versibus
1346 909 1479 955 quam
1501 893 1593 938 aliis
1606 893 1678 952 ly-

286 964 476 1009 ricorum
494 968 725 1025 poetarum
746 964 896 1010 metris
918 965 1011 1010 fieri
1041 964 1270 1025 grandiora
1284 1001 1295 1022 ,
1323 964 1400 1011 sed
1422 964 1567 1010 adhuc
1590 979 1679 1027 quo

286 1036 395 1081 ratio
409 1037 488 1081 ista
511 1035 680 1093 tendat,
703 1037 877 1097 ignoro.

345 1109 467 1153 XXI.
493 1111 553 1153 Μ.
581 1110 644 1154 Ν6
666 1124 850 1169 propera
878 1129 886 1155 :
920 1110 1192 1171 disputamus
1215 1110 1332 1155 enim
1348 1111 1440 1171 jam
1469 1110 1524 1154 de
1551 1124 1679 1154 sena-

286 1179 451 1223 riorum
472 1195 677 1224 versuum
702 1180 979 1237 excellentia,
1005 1191 1048 1226 et
1078 1183 1197 1242 prius
1219 1183 1300 1227 tibi
1322 1183 1451 1242 cupio
1470 1181 1679 1226 demons-

287 1259 416 1306 trare,
442 1251 475 1294 si
498 1260 666 1311 potero,
688 1251 1012 1298 decentissimos
1034 1254 1240 1309 senarios,
1265 1254 1347 1297 nisi
1371 1252 1561 1297 duorum
1580 1252 1682 1296 isto-

288 1337 385 1365 rum
409 1336 618 1380 generum
654 1338 744 1366 esse
768 1338 858 1367 non
894 1338 1019 1383 posse
1036 1359 1046 1379 ,
1072 1340 1172 1385 quae
1195 1325 1395 1368 omnium
1427 1323 1556 1367 etiam
1579 1331 1682 1367 sunt

288 1391 586 1449 celeberrima,
608 1406 800 1454 quorum
822 1410 964 1438 unum
987 1403 1051 1439 est
1072 1395 1319 1450 heroicum,
1346 1404 1410 1450 ut,
1438 1395 1488 1439 A
1491 1408 1599 1438 rma
1611 1394 1680 1436 vi-

288 1479 487 1522 rumque
515 1480 665 1519 ccmo,
708 1464 870 1526 Trojoe
892 1465 977 1523 qui
995 1465 1181 1525 primus
1209 1463 1273 1509 ab
1297 1466 1409 1521 oris,
1435 1463 1556 1526 quod
1578 1479 1680 1508 usus

287 1535 466 1578 metitur
494 1534 689 1594 spondeo
732 1544 774 1578 et
802 1535 1006 1592 dactylo,
1038 1535 1238 1579 subtilior
1273 1535 1381 1579 ratio
1418 1534 1612 1595 spondeo
1639 1544 1681 1578 et

289 1615 507 1665 anapaesto
534 1625 542 1649 ι
569 1604 754 1649 alterum
775 1603 896 1665 quod
915 1605 1151 1648 iambicum
1174 1604 1350 1660 dicitur,
1377 1614 1421 1649 et
1438 1604 1590 1648 eadem
1610 1620 1681 1649 ra-

287 1677 405 1722 tione
429 1677 650 1721 invenitur
677 1677 966 1721 trochaicum.
992 1678 1102 1722 Nam
1127 1675 1257 1720 credo
1295 1676 1375 1720 tibi
1398 1675 1681 1720 manifestum

289 1765 378 1793 csse
406 1748 547 1807 longis
572 1747 772 1806 syllabis,
810 1747 890 1792 nisi
921 1747 1073 1792 breves
1101 1748 1462 1807 interponantur,
1493 1747 1678 1792 obtundi

289 1819 480 1880 quodam
499 1817 630 1863 modo
648 1819 781 1878 spatia
807 1834 1042 1876 sonorum,
1067 1818 1173 1862 item
1196 1818 1276 1862 nisi
1290 1817 1497 1862 brevibus
1517 1817 1677 1875 longae,

290 1892 416 1935 nimis
429 1891 599 1936 concisa
616 1900 660 1935 et
673 1891 797 1951 quasi
811 1890 997 1934 tremula
1013 1890 1105 1934 fieri
1119 1910 1129 1947 3
1149 1899 1305 1934 neutra
1319 1905 1407 1933 esse
1425 1898 1676 1949 temperata,

290 1963 486 2023 quamvis
510 1972 760 2022 temporum
780 1960 1029 2022 aequalitate
1052 1977 1176 2005 aures
1196 1960 1422 2021 impleant.
1450 1961 1679 2014 Quamob-

291 2051 380 2078 rem
399 2050 478 2078 nec
498 2034 560 2078 illi
581 2050 729 2078 versus
752 2034 828 2095 qui
856 2049 927 2077 sex
948 2034 1222 2093 pyrrhichios
1238 2069 1247 2081 ‚
1279 2042 1323 2077 et
1349 2048 1423 2076 sex
1445 2031 1678 2092 proceleu-

290 2106 469 2150 maticos
492 2105 679 2160 habent,
705 2105 898 2164 aspirant
935 2103 989 2147 ad
1017 2104 1183 2148 heroici
1208 2103 1480 2163 dignitatem,
1507 2118 1587 2147 nec
1612 2102 1676 2147 illi

291 2177 345 2220 ad
369 2164 579 2221 trochaici
600 2176 675 2235 qui
700 2191 771 2219 sex
804 2175 1041 2219 tribrachos
1063 2175 1242 2219 habent.
1271 2176 1367 2218 Huc
1390 2173 1556 2218 accedit
1577 2174 1679 2234 quia

291 2249 335 2292 in
357 2248 463 2303 istis,
489 2263 597 2308 quos
619 2247 783 2290 caeteris
800 2247 889 2306 ipsa
914 2246 1022 2290 ratio
1040 2246 1270 2306 praeponit,
1293 2246 1325 2290 si
1348 2245 1543 2289 membra
1562 2260 1678 2304 prae-

291 2328 496 2379 posteres,
523 2327 667 2362 totum
698 2317 757 2361 ita
780 2316 1149 2372 commutabitur,
1181 2326 1231 2360 ut
1259 2317 1363 2361 alios
1389 2316 1519 2360 etiam
1546 2316 1679 2375 pedes

295 2391 533 2434 necessario
556 2389 800 2433 metiamur.
824 2392 977 2448 Itaque
1001 2387 1438 2443 inconversibiliores,
1458 2396 1509 2431 ut
1530 2388 1588 2431 ita
1611 2387 1680 2431 di·-

293 2477 403 2516 cam,
430 2470 530 2504 sunt
554 2476 685 2521 quam
719 2459 780 2503 illi
808 2460 884 2521 qni
910 2469 985 2503 aut
1008 2460 1210 2503 omnibus
1235 2459 1458 2514 brevibus,
1484 2458 1678 2503 611111011-

293 2532 353 2588 gis
377 2532 580 2575 omnihus
609 2540 823 2577 constant.
859 2533 915 2576 Et
942 2530 1040 2576 ideo
1075 2530 1162 2575 sive
1198 2529 1395 2591 quinque
1419 2539 1462 2574 et
1489 2539 1672 2589 septem,
