1888 3168
308 198 392 237 510
757 209 790 233 s.
827 204 1058 234 Aucusmm
1092 204 1273 232 nmscom

306 271 545 318 luminibus
566 281 609 316 ct
636 279 751 315 tanta
767 270 1024 316 auctoritate
1043 278 1086 314 et
1102 268 1329 314 sanctitate
1346 271 1564 328 praeditis,
1589 271 1697 317 nihil

306 344 535 391 nobiscum
549 342 669 388 aliud
683 352 829 402 agant,
851 342 930 387 nisi
946 351 995 386 ut
1007 340 1236 400 diligamus
1250 344 1391 387 Deum
1408 349 1452 386 et
1464 342 1698 387 Dominum

306 426 503 462 nostrum
525 430 576 459 ex
603 424 694 460 toto
715 414 846 460 eorde
862 449 872 469 ,
893 429 944 459 ex
966 422 1056 458 tota
1082 413 1248 468 anima,
1273 423 1316 458 et
1337 429 1386 458 ex
1412 421 1503 458 tota
1523 422 1669 458 mente
1688 433 1697 459 :

306 497 350 533 et
376 486 605 546 diligamus
633 486 879 546 proximum
906 494 1105 531 nostrum
1139 493 1350 545 tanquam
1384 484 1701 545 nosmetipsos?

306 558 375 604 Ad
388 558 507 602 hunc
523 557 653 616 igitur
665 557 797 601 finem
810 556 844 601 si
855 571 1006 602 omnes
1021 555 1117 601 illos
1129 555 1334 600 humanae
1347 555 1526 601 actionis
1539 564 1699 611 motus,

306 644 599 690 numerosque
620 627 858 673 referamus
875 663 886 684 ,
915 629 1007 673 sine
1039 627 1318 673 dubitatione
1349 627 1666 674 mundabimur
1690 647 1700 675 ι

307 717 362 746 an
395 700 516 747 aliud
550 701 792 746 existimas?
822 703 875 745 D.
911 699 1030 746 Nihil
1053 700 1259 761 equidem
1294 699 1430 746 aliud.
1456 700 1540 747 Sed
1572 716 1701 761 quam

306 774 390 819 1100
414 772 565 818 auditu
590 773 721 818 breve
744 782 829 828 est,
862 782 950 817 tam
970 772 1090 818 sactu
1114 772 1291 817 dissicile
1315 783 1446 834 atque
1469 771 1672 817 arduum.

366 847 522 889 XLIV.
562 847 623 889 M.
655 843 775 897 Quid
796 860 899 904 ergo
924 842 1051 889 facile
1073 853 1158 900 est,
1191 860 1246 889 an
1267 859 1411 889 amare
1433 843 1598 889 colores
1615 878 1627 899 ‚
1661 852 1706 887 et

307 932 459 971 voces,
485 925 528 960 et
556 915 776 976 placentas
792 951 803 972 ,
829 925 872 960 et
895 932 1031 971 rosas,
1069 925 1113 960 et
1140 931 1321 976 corpora
1344 915 1501 961 leniter
1529 914 1706 960 mollia?

306 986 498 1031 haeccine
520 1002 663 1030 amare
680 985 807 1031 facile
824 996 886 1032 est
908 987 1080 1042 animae,
1093 987 1137 1031 in
1150 986 1310 1048 quibus
1330 985 1440 1030 nihil
1461 985 1544 1030 nisi
1555 1000 1708 1046 aequa-

306 1058 473 1103 litatem
497 1075 546 1104 ae
565 1058 893 1104 similitudinem
910 1060 1091 1120 appetit,
1108 1068 1160 1104 et
1175 1059 1308 1119 paulo
1330 1057 1581 1118 diligentius
1601 1072 1708 1103 eon-

307 1130 513 1186 siderans,
532 1130 603 1175 vix
616 1131 706 1191 ejus
723 1140 962 1176 extremam
974 1131 1178 1176 umbram
1195 1131 1515 1191 vestigiumque
1527 1144 1709 1189 cognos-

307 1201 367 1245 cit
393 1219 401 1245 :
423 1209 467 1244 et
481 1204 617 1245 Deum
636 1216 780 1245 amare
794 1200 972 1246 difficile
987 1211 1072 1258 est,
1095 1217 1228 1263 quem
1244 1202 1290 1246 in
1313 1208 1529 1262 quantum
1547 1209 1706 1261 potest,

309 1271 452 1315 adhuc
487 1272 633 1315 saucia
661 1281 704 1315 ct
733 1271 907 1316 sordida
930 1273 1122 1329 cogitans
1140 1308 1151 1328 ,
1182 1271 1293 1317 nihil
1315 1272 1361 1316 in
1389 1287 1440 1316 eo
1466 1270 1706 1332 inaequale,

308 1343 419 1387 nihil
448 1343 514 1387 sui
532 1341 764 1398 dissimile,
790 1341 902 1386 nihil
929 1341 1169 1387 disclusum
1200 1344 1305 1389 loeis
1323 1379 1333 1399 ,
1365 1342 1475 1389 nihil
1495 1343 1711 1388 variatum

308 1423 507 1474 tempore
539 1414 808 1474 suspicatur?
838 1416 907 1458 An
931 1423 1130 1458 extruere
1161 1412 1296 1458 mole's
1318 1412 1628 1468 aedificiorum,
1666 1420 1711 1457 et

308 1483 611 1545 hujuscemodi
634 1484 839 1544 operibus
864 1480 1054 1529 delectat
1084 1482 1281 1539 extendi,
1312 1484 1357 1527 in
1382 1483 1544 1543 quibus
1566 1483 1599 1528 si
1622 1499 1709 1527 nu-

308 1556 415 1599 meri
434 1555 610 1615 placent
626 1557 744 1613 (non
766 1555 880 1598 enirn
901 1553 1022 1599 aliud
1038 1555 1212 1599 invenio
1230 1553 1370 1615 >quid
1385 1554 1430 1598 in
1452 1554 1521 1619 his
1540 1553 1710 1615 aequale

309 1642 358 1671 ae
371 1625 510 1670 simile
524 1625 700 1681 dicitur,
717 1625 838 1685 quod
852 1640 941 1669 non
958 1625 1155 1670 derideat
1173 1625 1282 1669 ratio
1300 1623 1566 1685 disciplinae?
1580 1625 1710 1678 Quod

310 1697 344 1741 si
362 1697 420 1741 ita
446 1705 525 1752 est,
547 1712 625 1741 eur
642 1697 695 1741 ab
707 1694 781 1740 illa
793 1695 1013 1739 verissima
1033 1695 1294 1756 aequalitatis
1313 1711 1410 1740 aree
1425 1694 1480 1740 ad
1494 1695 1573 1740 ista
1589 1694 1710 1741 dela-

310 1768 456 1822 bitur,
495 1776 539 1811 et
567 1766 701 1811 ruinis
735 1766 822 1811 suis
854 1774 1046 1811 terrenas
1079 1765 1300 1811 machinas
1328 1766 1480 1825 erigit?
1502 1769 1598 1812 Non
1626 1767 1710 1813 hoc

310 1838 568 1899 promissum
591 1847 654 1882 est
677 1838 731 1882 ab
754 1837 830 1882 illo
860 1837 938 1898 qui
960 1835 1110 1881 fallere
1138 1836 1324 1896 ignorat.
1357 1855 1377 1879 «
1407 1839 1569 1895 Jugum
1593 1838 1710 1883 enim

314 1929 333 1951 «
361 1924 523 1964 meum,
540 1908 699 1969 inquit,
716 1907 810 1953 leve
833 1909 941 1952 est.¹
969 1925 989 1948 »
1017 1906 1291 1951 Laboriosior
1319 1916 1382 1951 est
1402 1908 1534 1968 hujus
1554 1907 1711 1953 mundi

311 1995 433 2025 amor
464 1982 496 2023 ².
534 1978 663 2032 Quod
696 1979 812 2023 enim
842 1978 887 2023 in
908 1977 983 2022 illo
1018 1977 1163 2022 anima
1203 1977 1382 2038 quaerit,
1420 1979 1710 2025 constantiam

310 2051 473 2096 scilicet
516 2050 893 2111 aeternitatemque
925 2065 1015 2095 non
1051 2049 1219 2095 invenit
1266 2068 1275 2094 :
1318 2049 1527 2110 quoniam
1564 2065 1710 2094 rerum

311 2124 495 2167 transitu
525 2122 771 2182 completur
796 2121 946 2165 infima
977 2120 1284 2181 pulchritudo,
1321 2129 1364 2164 et
1398 2121 1520 2182 quod
1549 2120 1595 2166 in
1637 2120 1710 2166 illa

310 2194 504 2239 imitatur
525 2193 828 2248 constantiam,
848 2208 871 2236 a
882 2198 1053 2237 summo
1065 2194 1155 2236 Deo
1169 2206 1247 2252 per
1263 2190 1453 2236 animam
1469 2192 1679 2252 trajicitur
1697 2212 1706 2238 ε

311 2265 516 2325 quoniam
531 2265 650 2325 prior
671 2273 735 2308 est
751 2263 912 2324 speeies
928 2263 1233 2308 tantummodo
1248 2271 1446 2323 tempore
1460 2274 1708 2309 commuta-

310 2335 409 2381 bilis
435 2372 445 2391 ,
481 2351 613 2397 quam
650 2351 699 2380 ea
738 2351 838 2396 quae
866 2346 906 2379 et
931 2337 1127 2394 tempore
1170 2344 1210 2378 ct
1234 2333 1355 2379 locis.
1402 2333 1522 2380 Sicut
1560 2334 1708 2396 itaque

311 2418 581 2468 praeceptum
613 2415 677 2451 est
703 2406 853 2451 animis
883 2422 907 2451 a
948 2405 1135 2451 Domino
1155 2404 1262 2466 quid
1299 2404 1509 2465 diligant,
1534 2407 1594 2451 ita
1630 2422 1707 2467 per

313 2483 525 2526 Joannem
556 2478 800 2540 apostolum
824 2479 930 2540 quid
953 2495 1042 2524 non
1070 2478 1268 2538 diligant.
1294 2498 1314 2522 «
1346 2478 1511 2536 Nolite,
1537 2480 1702 2541 inquit,

360 2569 478 2600 ¹)latt.
504 2566 628 2608 x173o.
654 2584 692 2590 ---
712 2574 723 2590 v
746 2569 886 2600 Retracl.
914 2578 943 2599 c.
967 2577 1069 2608 x1,n.
1090 2564 1121 2608 4.
