1883 3194
274 206 329 246 68
710 216 743 243 s.
781 213 1011 243 Aucusnm
1046 213 1229 242 Emscom

273 296 397 327 mum
411 290 455 326 et
467 280 784 342 quietissimum
802 278 944 325 solum
966 279 1193 341 pervenire
1210 279 1419 335 voluerit,
1441 279 1666 341 quoniam,

273 362 324 398 ut
356 353 438 398 alia
461 352 738 409 omittam,si
766 368 906 397 caecus
930 367 978 396 ac
1010 351 1170 396 surdus
1199 351 1360 407 fuerit,
1387 367 1478 396 non
1501 360 1669 412 potest,

271 423 394 485 quod
415 423 608 484 positum
635 432 699 468 est
720 423 767 466 111
787 431 1004 483 potestate
1026 421 1241 478 fortunae,
1257 423 1544 468 necessariam
1566 421 1673 466 mihi

271 494 448 542 videtur
465 494 520 540 ad
541 494 613 550 id,
639 494 760 555 quod
783 493 1063 553 concupivit,
1090 493 1253 538 habere
1276 492 1517 539 fortunam.
1544 491 1674 547 Quod

271 582 373 614 cum
393 565 634 612 obtinuerit
648 600 659 622 ‚
685 565 883 626 quamvis
905 573 1088 626 putetur
1110 564 1311 624 indigere
1326 564 1593 627 quibusdam
1611 580 1675 609 re-

270 639 354 685 bus
378 636 434 683 ad
455 636 646 697 corporis
677 635 976 681 valetudinem
1002 636 1326 697 pertinentibus
1343 672 1354 693 ‚
1380 635 1493 681 illud
1527 646 1675 681 tamen

271 717 442 755 constat
461 744 471 764 ‚
499 724 590 753 non
611 707 677 752 his
698 723 807 768 opus
824 722 914 752 esse
930 716 980 752 ut
1001 707 1170 768 sapiens
1193 707 1274 764 sit,
1299 707 1378 753 sed
1397 717 1446 752 ut
1462 707 1576 753 inter
1598 708 1677 752 ho-

270 781 410 827 mines
450 780 582 826 vivat.
610 782 728 836 Imo,
755 779 814 823 ait
834 777 930 835 ille,
961 779 996 823 si
1034 795 1177 824 caecus
1199 796 1249 824 ac
1266 778 1425 824 surdus
1447 779 1523 837 sit,
1544 788 1588 824 et
1608 795 1678 824 sa-

270 852 484 915 pientiam
507 848 859 912 adipiscendam,
887 858 930 894 et
951 849 1090 910 ipsam
1129 851 1296 907 vitam,
1328 859 1508 911 propter
1544 865 1676 912 quam

271 924 485 985 sapientia
500 922 737 984 quaeritur,
764 937 859 966 mea
883 922 1119 979 sententia,
1133 924 1233 983 jure
1256 931 1525 968 contemnet.

333 997 410 1040 IV.
448 997 635 1051 Tamen,
658 994 863 1055 inquam,
890 1009 993 1038 cum
1030 993 1122 1055 ipsa
1160 993 1250 1040 vita
1287 1003 1460 1051 nostra,
1485 1009 1574 1056 qua
1606 993 1680 1038 hic

270 1065 480 1122 vivimus,
497 1066 615 1110 sitin
640 1074 854 1126 potestate
874 1063 1065 1110 fortunae
1078 1101 1089 1120 ,
1110 1081 1191 1110 nec
1213 1065 1297 1110 nisi
1313 1065 1465 1112 vivens
1491 1065 1679 1127 quisque

269 1139 442 1200 sapiens
470 1138 565 1183 fieri
589 1138 752 1199 possit,
784 1153 932 1183 nonne
965 1136 1195 1182 fatendum
1225 1147 1290 1182 est
1318 1154 1428 1199 opus
1459 1153 1551 1183 esse
1583 1138 1677 1198 ejus

271 1210 443 1266 favore,
469 1225 559 1271 quo
574 1208 630 1254 ad
647 1209 903 1269 sapientiam
924 1209 1242 1270 pervehamur?
1269 1209 1355 1255 Sed
1377 1224 1480 1253 eum
1501 1209 1679 1269 sapien-

275 1284 358 1339 tia,
384 1282 551 1343 inquit,
573 1297 664 1327 non
680 1281 763 1325 nisi
781 1280 1034 1326 viventibus
1057 1281 1113 1325 sit
1134 1281 1398 1335 necessaria,
1424 1289 1681 1341 remotaque

272 1354 365 1400 vita
386 1353 510 1399 nulla
531 1353 587 1397 sit
621 1351 864 1411 indigentia
893 1351 1144 1412 sapientiae,
1170 1351 1282 1395 nihil
1315 1352 1361 1395 in
1395 1350 1682 1412 propaganda

274 1425 363 1473 vita
397 1424 658 1486 pertimesco
689 1421 928 1467 fortunam.
961 1421 1139 1467 Etenim
1173 1421 1277 1482 quia
1299 1422 1423 1478 vivo,
1447 1431 1681 1482 propterea

272 1497 377 1545 volo
394 1495 659 1559 ¹sapientiam
675 1529 686 1551 ‚
712 1510 803 1540 non
820 1493 941 1555 quod
961 1493 1218 1554 sapientiam
1239 1492 1462 1550 desidero,
1490 1493 1591 1540 volo
1612 1493 1681 1539 vi·-

273 1580 384 1617 tam.
412 1567 538 1615 Unde
560 1566 740 1613 fortuna
761 1567 796 1612 si
814 1565 922 1610 mihi
942 1564 1170 1611 abstulerit
1196 1564 1357 1622 vitam,
1383 1564 1553 1612 auferet
1575 1581 1682 1612 cau-

275 1658 367 1688 sam
382 1640 634 1703 quaerendas
656 1638 897 1700 sapientiae.
917 1637 1038 1685 Nihil
1065 1638 1196 1696 igitur
1218 1638 1360 1684 habeo
1375 1673 1386 1695 ,
1412 1655 1490 1684 cur
1510 1648 1564 1683 ut
1574 1639 1679 1683 fiam

276 1714 470 1774 sapiens,
501 1721 577 1757 aut
611 1710 806 1756 favorem
828 1719 977 1770 optem
1013 1707 1226 1765 fortunae,
1253 1718 1329 1754 aut
1365 1708 1681 1771 impedimenta

276 1786 536 1841 formidem,
563 1784 645 1828 nisi
668 1783 751 1828 alia
762 1782 943 1828 fortasse
965 1781 1214 1843 protuleris.
1234 1785 1346 1826 Tum
1357 1798 1436 1841 ego
1455 1802 1463 1827 :
1488 1782 1680 1840 Nonigi-

279 1869 352 1904 tur
373 1873 520 1903 censes
538 1855 763 1916 sapientiae
780 1853 1028 1898 studiosum
1046 1869 1170 1914 posse
1193 1870 1216 1897 a
1240 1852 1441 1909 fortuna,
1459 1869 1513 1898 ne
1535 1853 1589 1898 ad
1611 1871 1678 1899 sa-

280 1931 490 1990 pientiam
512 1926 738 1989 perveniat
753 1961 763 1979 ‚
790 1923 1021 1984 impediri,
1041 1923 1209 1970 etiamsi
1232 1924 1270 1969 ei
1294 1940 1383 1970 11011
1422 1924 1593 1971 auferat
1614 1926 1679 1972 vi-

283 2003 397 2049 tain?
414 2004 512 2050 Non
535 1998 747 2054 arbitror,
772 1995 931 2058 inquit.
