1888 3168
603 155 725 182 Lissssu
759 155 811 181 1)ss
844 152 1074 182 MAGisTno.
1453 142 1537 181 559

151 238 221 276 re,
259 235 357 281 quae
388 220 678 279 significatur,
710 227 894 279 aspecta.
933 221 1043 264 Nam
1076 217 1150 262 illa
1184 218 1370 262 intentio
1415 216 1543 277 digiti

150 292 391 352 significare
426 290 536 335 nihil
559 290 678 335 aliud
701 299 866 351 potest,
893 306 1025 350 quam
1056 289 1169 334 illud
1193 290 1238 334 in
1260 290 1381 350 quod
1403 289 1545 334 inten-
1583 323 1598 326 -·

149 363 268 409 ditur
299 363 491 423 digitus:
517 362 711 407 intentus
737 371 801 406 051
829 371 975 407 autem
999 377 1090 406 non
1106 361 1151 406 in
1177 362 1378 421 signum,
1405 360 1546 406 sedin
1580 390 1588 396 »

145 435 398 480 membrum
419 431 541 496 quod
578 442 712 494 caput
731 442 940 479 vocatur:
966 433 1115 493 itaque
1148 448 1226 493 per
1258 431 1379 476 illam
1402 447 1546 494 neque

147 522 240 551 rem
254 520 431 566 possum
452 520 578 549 nosse
601 520 734 565 quam
752 520 975 560 noveram,
997 518 1142 565 neque
1160 504 1333 564 signum
1356 505 1402 549 in
1424 505 1546 566 quod

146 577 342 622 intentus
365 576 527 636 digitus
546 591 635 621 non
657 586 735 621 est.
765 576 851 621 Sed
871 575 926 620 de
947 574 1192 620 intentione
1215 574 1344 635 digiti
1366 592 1457 621 non
1477 577 1546 621 ni-

146 649 228 693 mis
249 664 383 707 curo,
407 647 508 709 quia
528 647 659 708 ipsius
689 646 1071 692 demonstrationis
1090 646 1268 706 signum
1294 647 1402 691 mihi
1419 646 1545 692 vide-

146 728 219 764 tur
236 720 408 781 potius,
436 735 569 780 quam
600 734 745 763 rerum
767 718 1013 780 aliquarum
1030 734 1129 779 quae
1152 718 1516 764 demonstrantur
1531 755 1542 776 ,

146 791 258 835 510111
291 790 547 836 adverbium
578 788 726 852 quod,
752 806 852 835 ecce
868 825 879 847 ,
915 789 1122 849 dicimus,
1144 805 1245 835 nam
1274 799 1317 834 et
1339 806 1442 835 cum
1462 791 1546 835 1100

145 862 354 909 adverbio
377 862 564 922 digitum
596 861 784 908 solemus
815 862 1066 919 intendere,
1096 879 1151 907 ne
1173 879 1313 907 unum
1338 863 1546 907 demons-

144 934 291 980 trandi
313 936 488 996 signum
508 947 597 981 non
621 935 675 981 sit
706 936 822 981 satis.
849 938 907 980 Et
928 935 975 980 id
996 936 1184 980 maxime
1210 935 1287 980 tibi
1310 935 1426 980 nitor
1443 951 1544 996 per-

143 1009 349 1065 suadere,
375 1010 409 1053 si
431 1018 610 1070 potero,
636 1024 714 1069 per
736 1024 785 1053 ea
807 1010 927 1067 signa
956 1024 1057 1070 quae
1080 1008 1215 1053 verba
1240 1007 1542 1069 appellantur,

142 1096 222 1125 nos
239 1081 349 1125 nihil
376 1080 566 1139 discere,
587 1081 731 1141 potius
754 1081 871 1125 enim
885 1117 895 1137 ,
918 1090 970 1125 111
991 1080 1106 1137 dixi,
1127 1081 1216 1125 vim
1237 1081 1361 1126 verbi
1378 1116 1389 1137 ,
1416 1080 1461 1124 id
1483 1090 1547 1125 est

144 1152 504 1210 significationem
528 1169 628 1214 quae
648 1151 756 1197 latet
772 1153 819 1196 in
841 1168 964 1209 sono,
979 1168 1025 1197 10
1047 1153 1137 1213 ipsa
1155 1169 1255 1214 quae
1278 1152 1546 1212 significatur

141 1223 342 1282 cognita,
381 1223 614 1281 discimus,
649 1238 783 1285 quam
819 1223 940 1268 illam
969 1223 1047 1269 tali
1066 1224 1381 1283 significatione
1404 1224 1546 1284 perci—

141 1310 302 1355 pimus.

200 1367 383 1410 XXXV.
409 1367 466 1411 Et
487 1365 609 1427 quod
631 1364 721 1410 dixi
738 1364 793 1410 dc
810 1365 973 1426 capite,
999 1367 1082 1411 hoc
1100 1366 1235 1411 etiam
1260 1365 1315 1411 de
1338 1367 1545 1426 tegmini-

139 1436 246 1491 bus,
267 1436 412 1497 deque
433 1437 524 1481 aliis
547 1437 678 1481 rebus
699 1436 1096 1481 innumerabilibus
1118 1437 1300 1482 dixerim
1320 1452 1329 1478 :
1355 1454 1463 1497 quas
1484 1447 1547 1483 ta-

138 1522 243 1552 men
266 1523 369 1552 cum
385 1508 478 1568 jam
500 1508 697 1554 noverim
711 1543 722 1563 ,
747 1507 980 1552 saraballas
1007 1507 1102 1551 illas
1124 1509 1272 1553 adhuc
1288 1504 1429 1570 ¹usque
1452 1525 1544 1554 non

139 1578 244 1624 novi
262 1600 273 1638 3
292 1595 401 1640 quas
421 1579 529 1623 mihi
547 1579 581 1623 si
599 1588 722 1637 gestu
739 1578 955 1639 quispiam
974 1579 1227 1638 significarit
1245 1590 1322 1625 aut
1334 1580 1539 1641 pinxerit,

139 1660 216 1695 aut
238 1649 359 1695 aliud
379 1649 451 1695 cui
472 1649 631 1695 similes
648 1658 751 1694 sunt
766 1685 776 1705 ,
803 1650 1064 1708 ostenderit,
1086 1667 1177 1696 non
1199 1650 1342 1697 dicam
1359 1668 1451 1698 non
1472 1668 1542 1697 me

139 1722 364 1779 docuerit,
391 1721 514 1784 quod
534 1721 663 1767 facile
686 1722 931 1767 obtinerem
947 1759 957 1779 ,
995 1723 1029 1767 si
1055 1723 1187 1784 paulo
1211 1723 1397 1786 amplius
1419 1724 1543 1786 loqui

138 1794 321 1853 vellem,
346 1793 422 1839 sed
442 1794 542 1839 dico
564 1792 610 1837 id
630 1792 752 1854 quod
775 1794 1025 1854 proximum
1048 1804 1136 1852 est,
1168 1812 1259 1840 non
1291 1795 1435 1842 verbis
1458 1796 1540 1841 do-

138 1866 292 1911 cuerit.
319 1865 452 1920 Quod
477 1866 511 1910 si
540 1865 599 1910 eis
622 1864 736 1910 sorte
759 1866 1003 1926 conspectis
1027 1883 1128 1912 cum
1158 1867 1289 1912 simul
1316 1866 1447 1913 adero
1469 1884 1540 1913 me

139 1937 442 1994 admonuerit,
470 1937 618 1983 dicens
647 1957 655 1983 :
681 1940 794 1982 Ecce
816 1937 1079 1995 saraballas,
1104 1938 1269 1984 discam
1291 1955 1382 1984 rem
1405 1956 1540 2001 quam

137 2010 411 2067 nesciebam,
437 2025 529 2055 non
550 2025 628 2070 per
650 2009 785 2054 verba
814 2026 915 2071 quae
938 2008 1054 2055 dicta
1075 2020 1201 2067 sunt,
1235 2011 1310 2056 sed
1338 2027 1416 2072 per
1447 2013 1539 2073 ejus

138 2091 390 2142 aspectum,
421 2097 498 2142 per
527 2097 661 2142 quem
689 2079 858 2126 factum
889 2091 953 2127 est
987 2091 1039 2126 ut
1073 2083 1204 2128 etiam
1232 2099 1394 2129 nomen
1426 2083 1539 2128 illud

137 2153 246 2215 quid
271 2152 458 2210 valeret,
483 2168 656 2198 nossem
678 2168 726 2197 ac
741 2162 950 2197 tenerem.
976 2157 1075 2200 Non
1100 2155 1218 2199 enim
1242 2171 1343 2200 cum
1367 2171 1458 2200 rem
1475 2156 1538 2216 ip-

137 2240 229 2271 sam
252 2224 411 2281 didici,
446 2225 591 2271 verbis
614 2224 763 2269 alienis
791 2224 980 2282 credidi,
1016 2225 1094 2271 sed
1117 2227 1254 2272 oculis
1283 2227 1391 2272 meis
1415 2243 1423 2269 :
1449 2226 1536 2273 illis

137 2307 287 2342 tamen
304 2296 486 2342 fortasse
503 2307 554 2343 ut
575 2295 845 2342 attenderem
875 2297 1064 2356 credidi,
1091 2298 1136 2343 id
1159 2308 1243 2356 est,
1277 2308 1328 2344 111
1355 2308 1535 2360 aspectu

137 2384 382 2431 quaererem
405 2369 514 2431 quid
538 2368 749 2416 viderem.
814 2414 818 2417 .
