1852 3163
477 154 637 185 CONTRA
674 153 935 184 ACADEM1COS
967 155 1089 185 mmm
1123 157 1189 184 111.
1470 142 1525 182 97

141 298 668 316 ΜΜΛΛΜΜΑΑΛΜΑᾹΜΊΜΜΜΝ
675 295 1528 315 mmmmmmmmmmmxummmum

640 444 860 495 CAPUT
916 445 1025 494 XV.

136 592 220 638 An
250 592 335 651 qui
362 591 578 651 sequitur
605 592 655 636 in
686 588 880 653 agendo
915 587 1171 650 probabile
1202 590 1328 634 citra
1359 603 1528 634 assemn

565 677 693 719 sum,
725 663 843 708 vitet
873 676 1099 708 errorem.

198 801 412 845 XXXIII.
450 802 535 846 SED
567 799 671 844 hinc
698 801 791 862 jam
822 799 954 846 vultis
986 797 1167 844 fortasse
1197 814 1267 844 me
1293 797 1534 844 discedere.

138 874 235 918 Non
249 881 353 918 sunt
368 870 497 917 facile
517 871 788 916 securissima
800 871 1107 932 relinquenda3
1123 885 1225 915 cum
1237 870 1540 915 versutissimis

139 944 393 989 hominibus
415 943 583 1004 agimus
603 962 611 989 :
635 958 803 988 morem
825 952 973 988 tamen
993 942 1115 988 vobis
1138 957 1299 1001 geram.
1329 943 1414 988 Sed
1432 941 1542 1003 quid

139 1016 213 1061 hic
237 1016 412 1061 dicam?
435 1015 544 1076 quid
559 1051 570 1071 ,
594 1015 839 1076 quidnam?
861 1013 973 1059 illud
998 1014 1207 1059 nimirum
1228 1024 1353 1060 vetus
1390 1014 1543 1059 dieen-

140 1086 249 1131 dum
271 1095 358 1143 est,
379 1086 458 1131 ubi
488 1095 532 1131 et
561 1086 643 1146 ipsi
666 1086 833 1131 habent
855 1085 977 1146 quod
999 1085 1163 1130 dicant.
1190 1086 1307 1140 Quid
1329 1085 1445 1130 enim
1476 1084 1543 1130 fa-

140 1159 248 1204 ciam
261 1194 272 1213 ,
292 1173 426 1219 quem
444 1157 499 1202 de
521 1157 670 1203 castris
692 1157 798 1202 meis
821 1156 937 1202 foras
956 1157 1130 1202 truditis
1145 1159 1284 1202 Pnum
1298 1158 1544 1218 implorabo

141 1229 298 1275 auxilia
312 1228 584 1284 doctiorum,
607 1244 710 1274 cum
733 1228 896 1289 quibus
913 1229 948 1273 si
960 1244 1165 1289 superare
1187 1244 1383 1289 nequeo,
1401 1229 1546 1274 minus

141 1300 329 1361 pudebit
360 1300 544 1344 fortasse
577 1299 987 1359 superariPJaciam
1018 1299 1153 1358 igitur
1180 1300 1342 1361 quibus
1380 1300 1548 1345 viribus

142 1387 321 1433 possum
343 1371 569 1415 fumosum
584 1370 764 1431 quidem
779 1371 871 1430 jam
893 1379 936 1414 et
954 1370 1183 1427 scabrum,
1205 1370 1282 1415 sed
1295 1371 1377 1416 nisi
1402 1370 1544 1428 fallor,

142 1441 458 1488 validissimum
475 1440 630 1486 telum.
656 1441 742 1494 Qui
764 1440 876 1485 nihil
893 1441 1109 1502 approbat
1124 1477 1135 1497 ,
1161 1441 1273 1485 nihil
1296 1441 1400 1501 agit.
1418 1444 1455 1487 O
1470 1444 1548 1488 ho-

141 1514 307 1560 minem
329 1513 539 1558 rusticum
556 1512 565 1556 l
584 1514 641 1556 Et
657 1512 735 1557 ubi
753 1521 817 1557 est
838 1512 1067 1573 probabile
1079 1514 1096 1556 Ξ)
1109 1513 1187 1556 ubi
1205 1522 1269 1557 est
1285 1513 1545 1559 verisimile?

147 1589 241 1632 Hoc
262 1584 490 1631 volebatis.
512 1583 770 1629 Auditis-ne
792 1593 843 1629 ut
865 1594 1022 1629 sonent
1045 1594 1167 1629 scuta
1182 1586 1549 1643 graecanicaPEx-

145 1665 325 1718 ceptum
346 1664 410 1700 est
432 1654 556 1716 quod
588 1655 941 1700 robustissimum
964 1654 1165 1716 quidem:
1193 1654 1270 1699 sed
1303 1673 1391 1717 qua
1414 1664 1549 1703 manu

141 1727 323 1790 jaculati
340 1741 504 1772 sumus.
521 1728 580 1770 Et
596 1725 705 1770 nihil
722 1726 830 1770 mihi
849 1726 1074 1786 potentius
1092 1727 1161 1771 isti
1177 1727 1263 1771 mei
1281 1738 1519 1787 suggerunt
1535 1750 1547 1788 3

145 1817 228 1847 nec
266 1797 432 1860 aliquid
448 1833 460 1854 ,
484 1807 536 1842 ut
555 1796 685 1842 video
700 1832 712 1854 ,
736 1797 930 1842 vulneris
967 1797 1165 1843 fecimus.
1192 1801 1458 1845 Convertam
1479 1817 1550 1847 me

148 1871 204 1918 ad
226 1887 291 1927 ea,
312 1886 412 1932 quae
433 1868 537 1914 villa
550 1877 594 1913 et
612 1884 714 1928 ager
732 1869 951 1914 ministrat
970 1889 979 1915 :
997 1879 1183 1916 onerant
1198 1886 1268 1916 me
1285 1872 1434 1933 potius
1451 1889 1550 1919 ma-

142 1944 238 2005 jora
260 1957 394 2003 quam
414 1949 678 2001 praeparant.

207 2015 415 2059 XXXIV.
449 2014 560 2057 Nam
577 2027 680 2056 cum
697 2012 859 2057 otiosus
881 2010 958 2056 diu
981 2015 1235 2072 cogitassem
1254 2015 1300 2058 in
1323 2015 1405 2060 isto
1423 2031 1546 2071 rure,

149 2101 345 2148 quonam
368 2082 500 2128 modo
516 2083 652 2143 possit
668 2083 811 2128 isthuc
834 2083 1063 2143 probabile
1086 2101 1135 2130 ac
1157 2086 1392 2130 verisimile
1427 2096 1550 2132 actus

151 2167 322 2203 nostros
344 2156 400 2200 ab
433 2170 577 2200 errore
611 2152 849 2199 defendere
863 2190 874 2210 ,
893 2155 1036 2216 primo
1069 2156 1209 2201 visum
1242 2166 1307 2202 est
1343 2158 1472 2214 mihi,
1500 2168 1551 2203 ut

151 2228 260 2274 solet
280 2227 441 2283 videri,
467 2242 570 2272 cum
598 2225 679 2270 ista
698 2224 971 2282 vendebam,
998 2225 1112 2271 belle
1134 2236 1301 2273 tectum
1325 2237 1368 2272 et
1398 2229 1549 2273 muni-

152 2309 265 2345 tum.
289 2297 457 2345 Deinde
478 2297 557 2342 ubi
594 2306 739 2342 totum
768 2297 936 2342 cautius
970 2297 1277 2359 circumspexi,
1301 2300 1418 2345 visus
1456 2316 1552 2345 sum

153 2371 262 2417 mihi
282 2369 438 2415 vidisse
454 2385 596 2414 unum
615 2369 814 2414 auditum
828 2404 838 2421 ,
860 2369 1009 2430 quain
1026 2384 1199 2415 securos
1216 2386 1336 2416 error
1349 2371 1548 2417 irrueret.

154 2446 254 2490 Non
275 2442 394 2487 enim
431 2441 575 2487 solum
596 2450 706 2502 puto
729 2456 831 2485 eum
865 2456 1031 2497 errare,
1058 2441 1135 2503 qui
1165 2440 1320 2488 salsam
1341 2443 1457 2488 viam
1485 2459 1554 2488 se-

156 2515 308 2576 quitur
324 2549 335 2569 ‚
360 2511 438 2558 sed
460 2513 592 2557 etiam
612 2528 714 2558 eum
732 2512 807 2573 qui
825 2527 972 2556 veram
985 2528 1074 2558 non
1097 2514 1307 2574 sequitur.
1324 2515 1555 2560 Faciamus

403 2596 525 2626 cvm.
1314 2589 1338 2625 7
