1888 3168
643 245 699 272 nu
730 242 885 273 MUSICA
918 243 1003 270 Lm.
1038 241 1086 269 11.
1480 227 1566 267 375

166 312 292 369 rasti,
315 328 428 375 quos
455 320 718 358 connectere
737 325 868 355 nemo
887 308 1167 370 prohibetur.
1200 309 1263 353 M.
1290 306 1427 368 Atqui
1456 321 1568 368 opus

165 393 251 441 est,
270 393 322 429 ut
347 385 432 429 hoc
465 382 678 443 dispicere
700 381 868 438 valeas,
891 379 1167 426 considerare
1191 387 1372 424 caeteros
1404 377 1565 439 pedes,

165 453 545 518 quemadmodum
583 454 758 499 sibimet
792 468 947 499 eorum
984 461 1131 513 partes
1162 449 1475 497 conferantur:
1510 451 1570 495 ita

164 527 284 573 enim
309 525 479 573 videbis
500 525 606 571 huic
626 526 705 570 uni
722 524 937 586 quiddam
958 522 1159 569 accidere
1181 538 1346 568 novum
1359 538 1408 567 ac
1424 522 1571 581 singu-

163 598 270 655 lare,
288 608 340 643 ut
355 613 449 643 non
465 595 629 642 frustra
651 597 833 642 minime
855 595 1136 642 adhibendus
1153 595 1210 641 ad
1226 609 1431 640 numeros
1447 593 1570 656 judi-

164 679 286 715 catus
305 670 375 715 sit.

222 743 393 786 XVIII.
410 739 498 787 Sed
509 741 595 786 hoc
606 740 733 786 nobis
746 738 1150 795 considerantibus,
1167 753 1277 800 opus
1289 747 1355 783 est
1365 738 1462 783 haec
1478 737 1570 784 duo

162 812 342 859 nomina
360 812 571 857 mandare
592 811 833 867 memoriae,
856 809 1124 856 levationem
1146 820 1191 855 et
1211 809 1489 871 positionem.
1515 813 1569 854 In

160 883 417 946 plaudendo
448 884 568 930 enim
597 884 701 945 quia
723 883 897 928 levatur
922 892 966 928 et
986 882 1170 944 ponitur
1192 898 1372 937 manus,
1396 890 1569 943 partem

159 956 283 1018 pedis
303 957 386 1002 sibi
407 955 568 1001 levatio
591 956 811 1012 vindicat,
844 965 1017 1016 partem
1038 955 1213 1016 positio.
1247 958 1397 1000 Partes
1419 964 1569 1000 autem

160 1028 327 1090 pedum
359 1027 460 1074 dico
495 1027 608 1084 illas,
634 1029 690 1073 de
722 1027 886 1090 quibus
921 1028 1138 1089 superius,
1169 1042 1274 1072 cum
1307 1027 1380 1072 ecs
1414 1026 1570 1072 ordine

160 1117 548 1163 persequeremur,
574 1101 675 1147 satis
698 1100 867 1146 dictum
890 1110 970 1145 est.
993 1100 1209 1155 Quocirca
1225 1100 1261 1145 si
1275 1100 1361 1146 hoc
1382 1100 1566 1161 probas,

160 1174 305 1235 incipe
337 1189 563 1218 recensere
597 1174 791 1219 breviter
820 1189 1046 1219 mensuras
1073 1173 1266 1235 partium
1294 1173 1342 1217 in
1363 1172 1570 1221 omnibus

161 1244 373 1307 pedibus,
394 1254 446 1289 ut
467 1245 577 1307 quid
605 1245 711 1290 huic
740 1245 819 1290 uni
841 1244 898 1290 de
920 1261 1010 1307 quo
1032 1245 1177 1305 agitur
1200 1244 1431 1305 proprium
1453 1244 1571 1288 acci-

164 1315 303 1373 derit,
338 1317 526 1362 noveris.
564 1320 617 1362 D.
655 1316 797 1362 Video
822 1318 1018 1378 primum
1050 1315 1359 1375 pyrrhichium
1394 1324 1570 1360 tantum

162 1390 329 1434 habere
341 1390 389 1433 in
399 1389 638 1443 levatione,
656 1398 875 1448 quantum
894 1389 941 1431 in
952 1387 1185 1447 positione.
1207 1386 1438 1447 Spondeus
1456 1403 1570 1448 quo-

159 1475 263 1521 que,
290 1457 510 1517 dactylus,
537 1467 801 1518 anapaestus,
828 1457 1240 1518 proceleumaticus,
1265 1458 1565 1516 choriambus,

159 1530 401 1586 diiambus,
426 1529 668 1585 dichorius,
693 1530 975 1590 antispastus.
1008 1528 1292 1590 dispondeus,
1323 1530 1478 1575 eadem
1498 1547 1569 1577 ra-

160 1603 282 1648 tione
298 1601 560 1647 dividuntur
581 1622 591 1647 :
615 1618 720 1646 nam
741 1602 1019 1646 tantumdem
1043 1602 1255 1662 temporis
1275 1602 1323 1646 in
1351 1603 1418 1648 his
1439 1605 1568 1664 ponit

160 1675 356 1735 plausus,
375 1683 596 1736 quantum
616 1673 750 1719 levat.
776 1673 916 1718 Video
938 1673 1184 1718 secundum
1205 1674 1404 1719 iambum
1421 1675 1568 1737 simpli

162 1755 207 1790 et
228 1744 356 1805 dupli
387 1745 552 1789 habere
586 1745 830 1802 rationem3
854 1761 989 1806 quam
1026 1745 1241 1790 rationem
1278 1761 1412 1791 cerno
1446 1755 1491 1791 et
1519 1747 1567 1791 in

165 1817 317 1863 chorio
339 1817 446 1862 etin
462 1817 703 1873 tribracho,
719 1826 763 1862 et
774 1817 822 1861 in
839 1817 1047 1873 molosso,
1064 1826 1108 1862 et
1128 1818 1175 1862 in
1192 1827 1383 1880 utroque
1400 1818 1561 1864 ionico.

163 1891 261 1934 Jam
275 1889 407 1949 hujus
430 1888 734 1949 amphibrachi
755 1889 916 1934 levatio
939 1898 982 1933 et
1000 1889 1180 1950 positio,
1207 1905 1310 1935 nam
1338 1890 1430 1951 ipsa
1457 1892 1565 1936 mihi

162 1976 214 2005 ex
244 1961 397 2005 ordine
428 1960 642 2016 occurrit,
665 1961 743 2022 qui
765 1977 890 2022 pares
911 1971 1092 2006 caeteros
1114 1978 1334 2023 quaeram,
1355 1963 1500 2024 simpli
1522 1974 1567 2010 et

161 2031 283 2092 tripli
322 2033 492 2076 ratione
529 2041 715 2076 constat.
765 2033 852 2078 Sed
886 2047 979 2078 non
1009 2033 1187 2078 invenio
1218 2050 1396 2095 prorsus
1430 2035 1566 2081 alium

162 2104 391 2165 deinceps,
412 2105 537 2164 cujus
558 2103 641 2147 sibi
664 2114 808 2164 partes
841 2115 965 2151 tanto
997 2106 1230 2152 intervallo
1261 2106 1562 2154 conferantur.

160 2179 273 2223 Nam
294 2191 396 2220 cum
417 2191 490 2220 eos
513 2176 743 2220 considero
768 2175 815 2220 in
839 2176 1000 2238 quibus
1022 2194 1112 2222 una
1136 2179 1280 2224 brevis
1312 2189 1377 2224 est
1399 2190 1443 2225 et
1462 2180 1564 2225 duae

163 2247 330 2306 longae,
354 2247 401 2291 id
435 2256 498 2292 est
529 2246 788 2303 bacchium,
822 2247 1056 2304 creticum,
1091 2258 1135 2294 et
1166 2249 1560 2310 palimbacchium,

164 2318 436 2380 sesquialteri
465 2319 638 2363 numeri
667 2318 836 2364 ratione
863 2318 1129 2365 levationem
1163 2337 1212 2366 ac
1236 2322 1499 2382 positionem
1518 2325 1566 2369 in

164 2390 232 2435 his
250 2389 343 2433 fieri
359 2389 503 2434 video.
530 2389 695 2434 Eadem
719 2390 829 2434 ratio
846 2400 910 2435 est
928 2400 972 2435 et
987 2391 1034 2435 in
1053 2392 1102 2436 iis
1118 2402 1324 2453 quatuor,
1342 2395 1388 2438 in
1405 2395 1567 2456 quibus

166 2478 255 2506 una
277 2461 410 2520 longa
433 2470 497 2506 est
514 2471 558 2506 et
578 2471 664 2508 tres
684 2462 860 2518 breves,
887 2463 965 2524 qui
986 2473 1187 2531 uquatuor
1215 2481 1391 2525 paeones
1421 2483 1471 2511 ex
1494 2484 1568 2512 or·-

168 2534 270 2579 dine
292 2534 592 2579 nominantur.
625 2534 802 2595 Reliqui
826 2545 929 2579 sunt
950 2545 1140 2596 quatuor
1175 2538 1338 2598 epitriti
1370 2538 1568 2584 similiter
