1852 3163
659 133 715 161 DE
747 133 912 162 ORDINE
943 134 1028 162 Lm.
1065 132 1096 160 1.
1503 119 1587 160 159

180 199 311 246 cedit.
337 201 449 247 Nam
471 207 514 244 et
530 213 633 244 cum
653 214 845 260 praesens
867 208 977 244 esset
991 233 1004 255 ,
1033 212 1115 259 pro
1135 196 1429 243 familiaritate
1454 198 1589 259 patris

180 272 270 329 tui,
294 271 365 318 vel
391 271 538 332 potius
569 271 769 317 omnium
790 281 991 317 nostrum
1007 306 1019 327 ,
1045 269 1239 315 multum
1267 270 1476 316 sollicitus
1498 280 1591 317 erat

180 361 236 389 ne
253 344 420 405 ingenii
441 343 507 389 tui
523 343 729 405 quaedam
751 343 977 400 scintillae,
1003 359 1111 405 quas
1128 341 1363 402 diligenter
1387 343 1591 389 animad-

180 417 403 474 vertebat,
427 432 520 462 non
538 425 630 462 tam
648 417 947 463 conflarentur
965 431 1072 462 cura
1094 430 1214 471 mea,
1241 431 1375 476 quam
1408 423 1485 460 tua
1513 432 1590 461 ex-

181 489 489 549 tinguerentur
505 488 690 534 incuria.
706 491 765 534 Et
776 504 878 535 cum
891 497 935 533 te
947 487 1132 550 poeticae
1145 502 1325 549 quoque
1341 486 1588 532 studiosum

179 576 269 605 esse
291 560 567 619 cognoverit,
588 561 648 607 sic
666 559 984 622 gratulabitur,
1008 570 1060 607 ut
1080 575 1183 606 eum
1196 559 1305 606 mihi
1328 559 1588 621 gestientem

179 633 326 679 videre
338 634 431 696 jam
450 633 619 682 videar.

668 977 890 1029 CAPUT
943 979 1090 1029 VIII.

163 1122 421 1169 'Libentius
447 1119 774 1184 philosophice
806 1138 974 1168 amore
1005 1137 1280 1168 succensus.
1316 1147 1373 1155 —-
1404 1121 1589 1182 Repre-

236 1194 412 1241 lzensus
451 1212 485 1241 a
524 1195 731 1242 Monte—a
774 1194 909 1256 quod
947 1194 1145 1241 Psalmi
1188 1192 1478 1241 versiculmn
1521 1190 1593 1237 (cd

237 1269 473 1328 requisita
504 1279 695 1315 natura?
727 1285 948 1332 egressus
980 1270 1262 1315 cantitaret.
1298 1295 1356 1303 —
1383 1265 1589 1314 Libera-

237 1338 354 1387 liam
379 1338 751 1401 dc'sccplc'nccrum
781 1335 983 1383 utilitas.

234 1491 359 1535 XXI.
394 1490 530 1536 Num„
541 1488 652 1534 mihi
666 1487 848 1551 quidem
863 1489 1026 1549 gratius
1046 1486 1196 1544 facies,
1214 1486 1387 1549 inquit,
1405 1484 1482 1531 sed
1500 1485 1589 1533 sive

175 1561 471 1608 mobilitatem
504 1578 648 1608 meam
676 1571 721 1607 et
752 1561 969 1623 puerilem
1002 1560 1228 1607 levitatem
1248 1559 1473 1616 ridebitis,
1500 1559 1589 1605 sive

177 1633 326 1696 aliquo
342 1649 445 1680 vere
467 1634 618 1681 divino
643 1644 759 1679 nutu
781 1643 826 1679 et
847 1634 1001 1679 ordine
1023 1634 1075 1679 fit
1102 1633 1150 1678 in
1171 1631 1299 1677 nobis
1313 1667 1324 1688 ,
1350 1647 1443 1677 non
1461 1630 1589 1677 vobis

177 1705 380 1751 dubitem
393 1706 537 1752 dicere
556 1726 564 1752 :
584 1706 756 1766 Pigrior
771 1722 870 1752 sum
894 1705 950 1751 ad
967 1704 1042 1750 illa
1058 1714 1198 1750 metra
1212 1704 1359 1749 subito
1378 1704 1563 1749 effectus
1578 1724 1589 1762 3

177 1777 261 1823 alia
277 1814 288 1834 ,
313 1778 444 1838 longe
473 1779 557 1824 alia
589 1779 735 1824 neseio
765 1777 877 1841 quid
897 1778 1007 1823 mihi
1027 1792 1148 1823 nunc
1168 1776 1268 1822 luce
1295 1775 1586 1836 resplenduit.

178 1850 409 1897 Pulchrior
443 1861 508 1897 est
535 1851 839 1913 philosophia,
877 1851 1017 1896 fateor
1035 1887 1046 1908 ,
1067 1865 1203 1912 quam
1227 1848 1426 1908 Thysbe,
1457 1863 1591 1910 quam

179 1927 413 1982 Pyramus,
439 1940 576 1986 quam
591 1923 667 1970 illa
684 1927 835 1970 Venus
850 1933 895 1970 et
910 1923 1085 1985 Cupido
1098 1959 1109 1980 ,
1130 1922 1325 1984 talesque
1346 1920 1592 1967 omnimodi

179 2011 367 2041 amores:
390 2006 434 2042 et
464 2013 568 2042 cum
600 1997 787 2058 suspirio
822 1997 980 2057 gratias
1013 1995 1189 2042 Christo
1223 1994 1397 2054 agebat.
1431 1992 1593 2052 Accepi

179 2082 259 2125 cgo
296 2068 417 2123 haec,
454 2066 564 2129 quid
603 2068 777 2123 dicam,
799 2068 1015 2126 libenter,
1040 2077 1117 2113 aut
1150 2065 1261 2128 quid
1293 2081 1385 2111 non
1418 2064 1593 2110 dicam?

179 2140 379 2200 Accipiat
400 2139 588 2201 quisque
610 2148 663 2185 ut
674 2137 796 2185 volet
812 2174 823 2196 ,
846 2137 958 2184 nihil
980 2153 1110 2195 curo,
1133 2137 1217 2183 nisi
1238 2136 1361 2199 quod
1378 2136 1492 2182 forte
1509 2136 1594 2181 im-

178 2210 353 2255 modice
377 2210 644 2271 gaudebam.

240 2284 388 2327 XXII.
422 2286 595 2329 Interea
616 2291 715 2344 post
735 2281 972 2344 paululum
994 2281 1086 2327 dies
1106 2297 1197 2327 sese
1221 2281 1392 2342 aperuit
1407 2317 1417 2337 ,
1439 2296 1589 2326 surre-

181 2363 343 2398 xerunt
374 2352 461 2410 illi,
487 2364 532 2400 et
553 2371 634 2415 ego
674 2353 953 2412 illacrymans
986 2352 1129 2398 multa
1155 2353 1289 2398 oravi.
1316 2355 1430 2398 Cum
1463 2352 1595 2397 audio

182 2425 432 2470 Licentium
444 2426 746 2472 succinentem
767 2424 880 2471 illud
900 2425 1209 2486 propheticum
1231 2424 1331 2469 laete
1349 2434 1482 2486 atque
1505 2440 1599 2483 gar-

183 2495 300 2543 rule:
321 2516 341 2541 ‹<
367 2499 484 2543 Deus
514 2496 731 2544 virtutum
765 2504 972 2545 converte
1010 2512 1112 2554 nos,
1148 2504 1192 2542 et
1225 2494 1409 2543 ostende
1433 2494 1594 2541 faciem
