1883 3194
500 202 665 229 contrua
700 202 961 230 AcAnrmrcos
996 204 1118 230 Lmen
1153 205 1199 230 ιι.
1495 195 1545 231 51

145 265 384 323 facile-est,
408 267 487 329 qui
523 282 568 312 sc
605 265 816 314 hactenus
853 266 1138 313 crediderunt
1180 269 1235 312 ab
1258 284 1405 314 errore.
1427 283 1552 330 posse

145 335 341 400 defendi,
364 336 400 383 si
415 352 462 384 se
482 339 717 385 assensioni
734 355 824 385 non
840 349 1003 384 temere
1025 339 1342 385 commisissent
1368 360 1376 386 :
1398 357 1552 402 quam-

146 408 210 453 vis
229 409 451 469 propriam
467 408 622 455 dehac
645 425 691 455 re
713 410 1056 472 disputationem
1079 410 1125 455 in
1147 410 1316 456 scholas
1340 428 1437 456 suas
1461 429 1552 458 non

146 479 492 536 introduxerint,
518 496 600 525 nec
620 481 676 526 ab
695 480 778 527 illis
801 480 1030 527 enucleate
1053 480 1294 543 aliquando
1318 484 1552 544 quaesitum

145 551 225 608 sit,
250 551 437 613 percipi,
469 567 551 597 nec
572 568 628 598 ne
649 553 807 599 veritas
829 553 981 615 possit.
1021 554 1156 608 Quod
1176 570 1280 599 cum
1304 557 1423 601 Zeno
1444 555 1555 601 rude

148 639 198 669 ac
217 639 385 669 novum
405 623 646 681 intulisset,
687 623 1064 687 contenderetque
1097 625 1207 671 nihil
1238 626 1404 687 percipi
1426 643 1553 688 posse

147 694 229 740 nisi
261 693 384 757 quod
407 709 563 741 verum
595 695 656 741 ita
685 704 818 753 esset,
856 705 907 741 ut
943 695 1226 741 dissimilibus
1259 697 1374 742 notis
1398 715 1422 743 a
1444 698 1555 745 falso

146 766 482 824 discerneretur,
495 783 641 829 neque
649 767 949 829 opinationem
960 768 1239 814 subeundam
1251 785 1342 814 esse
1350 770 1552 830 sapienti,

146 847 280 900 atque
301 837 349 884 id
363 838 608 884 Archesilas
626 839 799 885 audiret
810 875 821 897 ‚
846 839 1022 900 negavit
1035 840 1293 901 hujusmodi
1306 840 1555 903 quidquam

147 927 273 973 posse
295 910 351 956 ab
373 911 553 956 homine
582 912 785 973 reperiri,
810 928 956 974 neque
978 912 1042 958 illi
1071 914 1291 974 opinionis
1325 914 1557 974 naufragio

146 983 731 1046 sapientissscommittendam
744 1000 834 1030 esse
853 986 1006 1032 vitam.
1019 985 1161 1031 ‘Unde
1177 986 1309 1032 etiam
1320 987 1554 1046 conclusit,

146 1055 260 1103 nulli
279 1056 343 1101 rei
363 1071 455 1102 esse
471 1055 816 1102 assentiendum.

206 1130 305 1173 XV.
332 1130 498 1173 Verum
515 1143 618 1173 cum
639 1127 701 1174 ita
721 1144 788 1174 res
805 1144 850 1174 se
871 1129 1079 1187 haberet,
1101 1139 1153 1175 ut
1173 1139 1299 1176 vetus
1320 1130 1559 1178 Academia

147 1201 286 1261 magis
308 1211 459 1258 aucta,
485 1217 620 1264 quam
642 1211 897 1264 oppugnata
919 1203 1166 1258 videretur,
1198 1205 1343 1250 extitit
1360 1204 1558 1252 Philonis

147 1273 325 1320 auditor
357 1274 626 1329 Antiochus,
665 1274 766 1334 qui,
803 1283 855 1319 ut
869 1265 873 1270 ¹
886 1273 1112 1319 nonnullis
1140 1275 1257 1321 visus
1283 1286 1370 1333 est,
1406 1277 1558 1337 gloriae

147 1344 366 1407 cupidjo'r,
391 1359 527 1406 quam
546 1343 764 1401 veritatis,
801 1344 849 1390 in
881 1345 1150 1391 simultatem
1179 1346 1364 1393 adduxit
1391 1348 1561 1394 Acade-

148 1416 249 1463 miae
269 1416 503 1478 utriusque
533 1416 788 1462 sententias.
825 1417 1012 1463 Dicebat
1045 1418 1162 1463 enim
1192 1434 1287 1464 rem
1309 1419 1556 1479 insolitam,

149 1498 196 1535 et
217 1488 273 1534 ab
295 1488 506 1550 opinione
526 1498 728 1535 veterum
752 1489 1087 1536 remotissimam
1110 1491 1398 1539 Academicos
1420 1508 1559 1539 novos

149 1570 329 1608 conatos
366 1560 594 1608 inducere.
632 1564 688 1608 In
723 1578 861 1624 quam
892 1578 986 1609 rem
1012 1572 1214 1609 veterum
1235 1565 1522 1625 physicorum
1542 1600 1556 1623 ,

149 1633 427 1696 aliorumque
443 1649 710 1694 magnorum
727 1635 1097 1696 philosophorum
1118 1635 1385 1697 implorabat
1402 1637 1555 1698 fidem3

149 1706 266 1767 ipsos
287 1705 419 1752 etiam
430 1705 716 1752 Academicos
734 1720 1014 1768 oppugnans,
1039 1707 1117 1769 qui
1136 1723 1183 1753 se
1199 1708 1432 1754 verisimile
1454 1725 1561 1755 con-

150 1779 386 1825 tenderent
405 1779 557 1839 sequi,
588 1793 693 1825 cum
722 1780 868 1839 ipsum
893 1795 1049 1826 verum
1069 1796 1114 1825 se
1136 1780 1339 1838 ignorare
1360 1779 1556 1828 fateren-

150 1859 239 1896 tur.
264 1848 498 1910 Multaque
519 1857 781 1909 argumenta
803 1848 1065 1910 collegerat,
1090 1849 1256 1912 quibus
1271 1868 1392 1898 nunc
1409 1869 1560 1914 super-

148 1920 395 1967 sedendum
413 1919 620 1966 arbitror.
645 1919 767 1967 Nihil
782 1929 932 1967 tamen
953 1921 1092 1982 magis
1114 1921 1398 1982 defendebat,
1422 1942 1557 1988 quam

150 2008 307 2039 verum
326 1991 551 2054 percipere
570 2007 697 2053 posse
718 1992 980 2053 sapientem.
1013 1996 1140 2039 Hanc
1169 2004 1281 2055 puto
1304 1995 1419 2042 inter
1439 2000 1557 2044 Aca-

152 2063 346 2111 demicos
363 2078 501 2110 novos
523 2079 574 2109 ac
589 2072 756 2109 veteres
773 2065 1114 2111 controversiam
1128 2065 1275 2112 fuisse.
1297 2070 1408 2122 Quae
1429 2071 1464 2115 si
1485 2086 1557 2116 se·-

153 2152 231 2183 cus
246 2152 293 2182 se
308 2136 461 2193 habet,
480 2144 533 2181 ut
550 2136 800 2182 Licentium
812 2136 1061 2199 plenissime
1080 2139 1308 2198 informes,
1333 2157 1415 2203 pro
1436 2152 1558 2190 utro-

153 2224 241 2271 que
252 2207 582 2270 postulaverim.
598 2208 643 2255 Si
651 2223 755 2256 vero
765 2209 826 2257 ita
837 2219 918 2268 est,
931 2219 983 2258 ut
996 2211 1142 2259 dicere
1154 2212 1297 2273 potui,
1309 2224 1557 2277 susceptam

153 2280 498 2343 disputationem
519 2280 734 2342 peragite.
833 2276 837 2278 ’
