1852 3163
276 164 354 201 132
711 175 741 200 s.
782 173 1009 201 Art-‚esum
1044 175 1222 202 EPlSCol’l

548 317 628 358 Ate
652 315 805 359 omnis
828 317 910 373 qui
932 316 1076 361 tres-ser
1095 325 1188 372 est,
1216 325 1372 378 egeat.

327 449 488 493 XXVI.
526 452 614 493 er
633 466 750 494 nunc
767 450 933 506 videte,
959 461 1109 496 utrum
1127 452 1256 496 etiam
1274 452 1414 497 omnis
1436 452 1513 512 qui
1531 451 1660 497 miser

267 530 330 565 est
354 530 490 577 egeat.
524 523 632 564 Nam
666 522 768 565 huic
791 522 1016 566 sententiae
1041 522 1334 567 concedendae
1355 522 1663 567 difficultatem

269 591 342 636 illa
358 608 421 635 res
435 591 553 646 facit,
571 590 691 651 quod
706 591 835 637 multi
851 593 896 637 in
909 609 1068 653 magna
1082 592 1364 638 fortuitarum
1380 609 1525 639 rerum
1537 593 1662 654 copia

270 662 495 707 constituti
509 672 626 718 sunt,
644 663 806 723 quibus
830 663 888 708 ita
909 664 1050 709 facilia
1072 675 1173 710 sunt
1191 665 1415 721 omnia,ut
1435 666 1491 709 ad
1509 680 1661 710 eorum

271 743 429 777 nutum
446 743 604 794 praesto
631 733 686 777 sit
704 733 924 794 quidquid
941 735 1154 795 cupiditas
1170 736 1322 796 poscit.
1350 735 1546 781 Difficilis
1568 734 1664 796 qui-

267 804 368 849 dem
382 805 460 849 ista
472 805 562 849 vita
578 813 655 848 est.
671 804 756 849 Sed
768 805 982 863 fingamus
997 806 1188 868 aliquem
1206 806 1353 862 talem,
1366 806 1542 868 qualem
1561 805 1664 850 Tul-

265 876 351 920 lius
368 875 499 920 suisse
515 876 620 921 dicit
634 877 826 920 Oratam.
840 878 944 930 Quis
958 878 1074 921 enim
1088 876 1213 922 facile
1226 878 1341 922 dicat
1358 879 1536 922 Oratam
1547 891 1666 935 eges-

265 957 355 992 tate
376 947 609 1003 laborasse,
628 948 852 992 hominem
874 948 1152 1006 ditissimum,
1170 949 1529 1003 amoenissimum,
1555 947 1663 994 deli-

265 1018 553 1063 ciosissimum
570 1055 580 1075 ,
606 1019 677 1063 cui
700 1034 845 1078 neque
868 1019 924 1063 ad
941 1019 1211 1079 voluptatem
1232 1021 1478 1081 quidquam
1494 1017 1636 1064 defuit
1650 1055 1663 1076 ,

266 1106 411 1151 neque
429 1090 484 1134 ad
501 1091 698 1149 gratiam,
717 1106 860 1149 neque
876 1090 931 1133 ad
947 1090 1109 1134 bonam
1122 1091 1424 1150 integramque
1444 1088 1666 1134 valetudi-

268 1163 517 1205 nelnf‘Nam
540 1169 583 1203 ct
605 1159 777 1220 praediis
793 1159 1169 1220 quaestuosissimis
1184 1169 1227 1204 et
1249 1160 1396 1205 amicis
1406 1160 1666 1220 jocundissi-

268 1233 365 1288 mis,
383 1241 601 1292 (plantum
622 1231 772 1286 libuit,
786 1230 1029 1275 abundavit
1041 1266 1050 1286 ,
1062 1240 1106 1274 et
1122 1230 1205 1275 illis
1227 1231 1432 1275 omnibus
1449 1232 1666 1292 aptissime

269 1304 326 1347 ad
337 1302 522 1347 salutem
537 1302 728 1362 corporis
746 1317 848 1346 usus
862 1310 940 1356 est,
953 1302 1163 1362 ejusque(
1175 1311 1225 1346 ut
1237 1301 1427 1346 Breviter
1441 1311 1584 1348 totum
1595 1318 1670 1347 ex—

266 1374 449 1436 plicem)
469 1388 598 1418 omne
618 1372 871 1416 institutum
887 1370 1249 1433 voluntatemque
1264 1387 1440 1417 omnem
1454 1373 1667 1420 successio

266 1461 476 1506 prospera
487 1452 720 1489 consecuta
735 1452 812 1486 est.
823 1441 908 1487 Sed
919 1440 1097 1486 fortasse
1108 1442 1278 1503 inquiet
1289 1441 1444 1504 aliquis
1453 1453 1663 1501 vestrum,

266 1516 366 1578 plus
381 1515 506 1560 illum
527 1530 660 1576 quam
680 1513 874 1558 habebat
895 1513 1058 1558 habere
1073 1512 1275 1558 voluisse.
1289 1517 1382 1558 Hoc
1398 1513 1664 1573 ignoramus·

269 1587 357 1636 Sed
386 1587 507 1648 quod
527 1587 626 1632 satis
651 1596 714 1630 est
743 1585 997 1646 quaestioni,
1019 1585 1228 1630 faciamus
1257 1601 1358 1630 eum
1380 1602 1471 1632 non
1492 1586 1669 1634 deside·-

266 1676 381 1706 rasse
404 1659 591 1720 amplius
625 1673 759 1720 quam
794 1657 985 1701 tenebat.
1013 1657 1282 1703 Videtur-ne
1303 1658 1427 1704 vobis
1464 1659 1667 1720 eguisse?

268 1732 450 1778 Etiamsi
482 1731 742 1786 concedam,
770 1729 913 1790 inquit
946 1730 1188 1786 Licentius,
1225 1730 1336 1775 nihil
1359 1746 1460 1776 eum
1493 1730 1667 1777 deside-

267 1819 381 1850 rasse
394 1839 404 1859 ,
426 1802 548 1863 quod
569 1803 614 1845 in
631 1801 808 1845 homine
823 1815 913 1844 non
930 1801 1124 1860 sapiente
1145 1801 1290 1846 nescio
1304 1802 1530 1862 quomodo
1554 1803 1668 1848 acci—

269 1876 409 1937 piam,
441 1873 666 1918 metuebat
694 1882 863 1927 tamen,
885 1880 977 1915 erat
994 1871 1110 1914 enim
1131 1871 1195 1916 vir
1218 1873 1302 1929 (ut
1330 1870 1515 1931 dicitur)
1540 1872 1665 1931 inge-

267 1948 330 1994 nii
362 1963 452 1991 non
468 1945 595 2000 mali,
624 1960 678 1989 ne
698 1943 772 1988 illa
790 1943 933 1989 omnia
961 1943 1065 2000 sibi,
1089 1942 1161 1989 vel
1184 1958 1274 1988 uno
1293 1942 1471 1989 adverso
1498 1944 1667 2005 impetu

269 2027 541 2079 raperentur.
582 2018 680 2061 Non
723 2015 838 2058 enim
886 2029 1097 2073 magnum
1139 2023 1231 2058 erat
1270 2013 1511 2073 intelligere
1562 2014 1666 2061 talia

269 2098 443 2144 cuncta,
463 2095 818 2149 quantacumque
835 2093 991 2140 essent,
1009 2100 1098 2129 esse
1114 2084 1195 2129 sub
1220 2083 1390 2129 casibus
1407 2084 1661 2131 constituta.

272 2164 385 2206 Tum
408 2175 490 2219 ego
526 2156 744 2203 arridens:
775 2155 931 2211 Vides,
957 2155 1159 2216 inquam,
1189 2154 1356 2200 Licenti
1373 2190 1383 2210 ,
1410 2153 1666 2200 fortunatis—

266 2232 427 2278 simum
449 2231 579 2274 istum
612 2227 835 2272 hominem
858 2242 882 2270 a
904 2225 1031 2270 beata
1051 2226 1140 2270 vita
1171 2225 1334 2285 ingenii
1362 2224 1559 2271 bonitate
1577 2227 1664 2272 im-

268 2304 484 2365 peditum.
507 2305 604 2355 Quo
629 2300 744 2344 enim
767 2307 858 2343 crat
872 2297 1062 2354 acutior,
1089 2312 1140 2342 co
1155 2295 1332 2341 videbat
1351 2295 1425 2341 illa
1447 2297 1597 2342 omnia
1619 2313 1664 2343 se

268 2390 390 2435 posse
423 2374 644 2418 amittere:
670 2386 758 2432 quo
788 2378 910 2414 metu
936 2367 1219 2428 frangebatur
1236 2401 1247 2423 ,
1268 2366 1466 2429 illudque
1483 2368 1661 2426 vulgare

268 2447 368 2491 satis
391 2446 635 2490 asserebat:
667 2464 685 2484 «
720 2442 911 2486 Infidum
940 2439 1162 2485 hominem
1184 2438 1299 2485 malo
1334 2454 1412 2485 suo
1435 2455 1524 2485 esse
1564 2455 1662 2485 cor-

279 2538 296 2558 »
334 2519 501 2563 datum.
528 2537 545 2557 »
