1888 3168
289 198 374 241 250
714 211 747 238 s.
784 209 1016 238 AUGUSTINI
1048 209 1231 237 EPlsCOPI

284 288 374 317 esse
403 273 583 317 omnino
614 273 738 318 nihil.
764 277 815 319 Ε.
848 276 954 329 Quis
983 274 1279 320 dubitaverit?
1300 275 1353 318 A.
1384 275 1504 328 Quid
1537 275 1672 333 illud,

285 359 390 388 num
414 342 589 389 dubitas
613 345 827 405 justitiam
857 344 998 390 multo
1029 360 1121 390 esse
1143 345 1224 390 hac
1246 345 1402 389 arbore
1419 344 1676 393 meliorem?

283 418 334 460 E.
359 413 612 461 Ridiculum
634 416 751 462 istud
771 416 952 477 quidem
982 426 1073 462 est:
1097 417 1220 478 quasi
1243 432 1346 462 vero
1368 416 1460 462 ulla
1481 418 1536 463 sit
1555 434 1679 464 com-

284 487 466 546 paratio.
505 491 558 533 A.
593 487 850 533 Liberaliter
870 504 1046 533 mecum
1069 488 1185 547 agis:
1216 487 1294 534 sed
1322 487 1434 534 illud
1462 505 1581 535 nunc
1613 500 1680 536 at-

282 559 428 614 tende,
460 575 562 604 cum
599 569 769 605 constet
801 560 861 605 ita
897 560 1011 604 hanc
1050 559 1249 605 arborem
1285 575 1377 605 esse
1414 559 1679 607 deteriorem

281 647 414 692 quam
440 640 504 676 est
522 632 702 692 justitia,
729 640 779 675 ut
800 647 882 677 nee
909 630 1205 692 comparanda
1225 631 1405 692 quidem
1426 633 1506 678 tibi
1533 633 1680 679 videa-

284 713 369 757 tur,
393 712 436 747 et
453 703 536 748 hoc
557 702 727 762 lignum
747 719 838 748 non
859 719 950 748 esse
973 703 1084 748 nihil
1103 702 1332 748 confessus
1359 704 1430 761 sis,
1455 705 1680 766 placet-ne

281 774 361 818 11111
382 783 433 818 ut
453 774 590 834 ipsam
606 773 821 833 justitiam
843 773 955 819 nihil
976 789 1066 819 esse
1099 774 1358 820 credamus?
1384 777 1436 820 E.
1462 777 1569 830 Quis
1591 777 1677 821 1100

281 844 459 890 demens
478 844 742 889 crediderit?
762 848 815 890 A.
842 848 977 890 Recte
998 846 1204 892 omnino:
1231 845 1309 891 sed
1332 845 1514 893 fortasse
1543 849 1676 893 arbo-r

280 917 374 962 haec
388 927 617 977 propterea
631 917 709 961 11111
723 917 897 963 videtur
916 933 1008 963 esse
1021 917 1211 979 aliquid,
1229 919 1352 980 quod
1366 918 1496 978 longa
1515 929 1581 965 est
1597 936 1677 980 pro

279 1004 358 1033 suo
376 987 508 1033 modo
530 996 573 1032 et
595 987 699 1043 lata,
723 997 767 1032 et
783 989 979 1045 robusta,
1002 1005 1102 1050 quae
1119 989 1154 1034 si
1171 989 1423 1046 detraxeris,
1447 989 1557 1035 nihil
1578 992 1676 1036 erit.

280 1062 332 1104 E.
363 1064 429 1105 Ita
451 1059 641 1105 videtur.
660 1064 713 1105 A.
736 1060 854 1114 Quid
876 1077 980 1120 ergo
995 1062 1178 1121 justitia,
1199 1078 1334 1123 quam
1354 1078 1447 1108 non
1461 1062 1573 1107 nihil
1587 1078 1679 1107 esse

279 1130 500 1176 confessus
523 1147 589 1186 05,
620 1132 708 1176 11110
741 1131 954 1192 quiddam
975 1132 1105 1192 longe
1128 1132 1318 1179 divinius
1351 1134 1434 1178 1130
1459 1132 1681 1195 longeque

279 1203 572 1264 praestantius,
593 1203 767 1249 videtur
784 1205 866 1249 tibi
887 1204 1018 1263 longa
1042 1207 1161 1250 esse?
1183 1208 1235 1250 E.
1261 1204 1394 1251 Nullo
1416 1204 1549 1250 modo
1570 1206 1679 1251 mihi

278 1276 447 1337 justitia
487 1286 564 1321 aut
596 1276 750 1337 longa,
789 1286 866 1322 aut
895 1276 1005 1333 lata,
1041 1286 1118 1322 aut
1151 1276 1238 1322 tale
1271 1277 1439 1338 aliquid
1471 1277 1680 1336 cogitanti

279 1356 424 1407 potest
445 1364 690 1393 occurrere.
713 1352 766 1394 A.
795 1349 838 1394 Si
862 1349 995 1408 igitur
1015 1348 1126 1394 nihil
1146 1349 1308 1394 horum
1334 1358 1398 1394 est
1419 1349 1611 1410 justitia,
1637 1358 1681 1394 et

279 1427 426 1463 tamen
458 1419 551 1479 ipsa
577 1419 688 1463 nihil
716 1434 807 1463 non
836 1428 922 1475 est,
948 1435 1027 1464 cur
1056 1420 1138 1464 tibi
1169 1419 1314 1464 anima
1342 1419 1455 1463 nihil
1475 1419 1676 1474 videtur,

278 1490 360 1534 nisi
381 1491 471 1551 ejus
493 1490 641 1551 aliqua
661 1488 895 1549 longitudo
917 1489 1000 1535 sit?
1017 1492 1072 1535 E.
1096 1492 1187 1548 Age
1203 1490 1296 1550 jam
1315 1505 1407 1534 non
1423 1490 1533 1535 mihi
1553 1489 1679 1535 vide-

279 1571 352 1606 tur
372 1577 423 1606 ex
440 1578 492 1608 eo
515 1561 627 1606 nihil
648 1577 739 1606 esse
764 1562 908 1607 anima
923 1597 934 1618 ,
952 1563 1076 1623 quod
1092 1577 1173 1607 nee
1187 1560 1322 1621 lomga
1337 1597 1349 1617 ,
1376 1577 1457 1606 nec
1473 1561 1561 1607 lata
1572 1597 1583 1618 ,
1598 1578 1680 1608 nec

279 1633 459 1678 robusta
480 1634 558 1678 sit:
581 1633 658 1678 sed
679 1642 831 1677 utrum
856 1649 957 1678 vere
984 1634 1045 1678 ita
1073 1634 1149 1688 sit,
1174 1632 1378 1678 nondum
1399 1648 1424 1677 a
1444 1642 1489 1677 te
1510 1632 1681 1678 dictum

281 1720 371 1749 esse
403 1706 497 1750 scis.
531 1704 645 1749 Fieri
678 1704 795 1748 enim
825 1713 991 1764 potest,
1022 1713 1073 1748 ut
1095 1703 1236 1749 multa
1263 1696 1351 1748 sint
1381 1705 1530 1764 magni
1561 1705 1680 1749 aesti-

278 1775 458 1831 manda,
477 1791 577 1836 quae
594 1775 683 1820 istis
701 1784 892 1830 careant,
912 1773 989 1819 sed
1009 1790 1100 1820 non
1121 1774 1334 1820 continuo
1351 1789 1404 1819 ex
1420 1775 1505 1820 1100
1523 1790 1679 1834 genere

282 1846 472 1890 animam
495 1861 585 1890 esse
608 1844 880 1889 credendum
898 1854 1023 1904 puto.

339 1919 416 1959 VI.
445 1919 497 1960 A.
528 1916 624 1960 Scio
647 1914 766 1959 istud
790 1915 917 1959 nobis
940 1913 1224 1959 enodandum
1241 1924 1418 1971 restare,
1442 1924 1486 1960 et
1500 1915 1584 1961 hoc
1607 1931 1678 1961 me

280 1988 485 2047 deinceps
507 1986 825 2047 explicaturum
846 1986 1154 2046 promiseram,
1181 2001 1334 2030 verum
1356 1986 1459 2047 quia
1480 2002 1547 2031 res
1569 1988 1678 2032 sub-

282 2058 475 2102 tilissima
504 2067 590 2113 est,
618 2067 661 2102 01
688 2056 819 2116 longe
841 2057 946 2102 alios
973 2057 1131 2101 mentis
1160 2056 1310 2101 oculos
1338 2057 1517 2117 quaerit,
1543 2073 1675 2118 quam

278 2130 468 2172 humana
491 2127 764 2173 consuetudo
794 2128 839 2172 111
871 2127 1141 2189 quotidianae
1172 2127 1274 2172 vitae
1308 2127 1477 2171 actibus
1512 2129 1676 2172 habere

279 2199 405 2244 solita
431 2209 516 2255 est,
542 2199 759 2244 admoneo
793 2208 835 2243 te
857 2208 908 2243 ut
929 2214 1006 2258 per
1028 2214 1102 2254 ea,
1127 2213 1205 2258 per
1233 2214 1334 2258 quae
1355 2207 1399 2243 te
1422 2197 1676 2244 ducendum

280 2271 500 2326 existimo,
536 2271 680 2316 libens
706 2286 881 2330 pergas,
909 2286 988 2314 nec
1022 2280 1172 2316 nostro
1208 2269 1400 2330 quodam
1437 2271 1675 2315 necessario

279 2342 463 2385 circuitu
485 2341 773 2400 defatigatus,
799 2356 914 2400 aegre
942 2340 1094 2385 tuleris
1117 2340 1344 2401 aliquanto
1367 2349 1410 2384 te
1432 2340 1598 2385 tardius
1621 2342 1676 2385 ad

279 2411 325 2455 id
346 2410 467 2471 quod
484 2411 605 2471 cupis
626 2412 869 2471 pervenire.
898 2414 1009 2458 Nam
1030 2411 1151 2471 prius
1180 2411 1256 2455 3115
1279 2420 1322 2455 te
1353 2427 1504 2472 quaero
1526 2420 1673 2455 utrum

278 2498 436 2542 corpus
453 2481 594 2526 ullum
616 2492 743 2542 putes
770 2498 882 2539 esse,
915 2482 1037 2543 quod
1058 2497 1148 2526 non
1165 2497 1245 2541 pro
1265 2480 1399 2527 modo
1417 2497 1495 2525 suo
1513 2482 1673 2526 habeat

280 2552 471 2612 aliquam
508 2552 831 2612 longitudinem
877 2563 921 2598 et
960 2552 1242 2599 latitudinem
1285 2562 1329 2599 et
1366 2551 1672 2598 altitudinem?
