1888 3168
342 202 421 241 478
752 212 785 238 s.
822 208 1051 237 Aucusnm
1087 208 1269 235 Eriscorl

336 278 456 340 quod
479 293 567 322 non
583 278 721 322 dccet.
745 279 796 320 1).
819 279 912 322 Inio
933 275 1084 321 fateor.
1108 277 1168 319 M.
1188 277 1245 319 At
1270 274 1315 318 in
1331 288 1419 333 qua
1437 281 1554 318 veste
1571 273 1728 319 decens

338 359 401 394 cst
424 348 605 402 mulier,
636 348 681 391 in
710 346 861 391 cadem
880 347 1021 391 virum
1050 345 1325 390 indecentem
1347 358 1438 406 eslsc
1464 358 1609 403 posse,
1634 343 1730 404 quis

339 419 559 478 ambigat?
578 421 627 463 D.
645 419 791 463 Ethoc
805 416 1084 463 manifestum
1101 427 1179 462 est.
1201 420 1261 462 M.
1279 414 1412 472 Quid,
1427 416 1462 460 si
1473 431 1576 475 ergo
1589 415 1728 461 forma

338 491 416 534 isla
435 504 717 534 numerorum
735 488 861 534 dccet
882 489 928 532 in
947 489 1078 544 sonis,
1104 488 1179 549 qui
1202 486 1457 532 allabuntur
1476 486 1668 542 auribus,
1688 495 1729 531 et

337 560 520 605 dedecet
543 560 588 604 in
609 560 751 604 anima
769 595 780 615 ,
806 575 906 603 cum
930 574 1002 604 cos
1025 558 1255 604 sentiendo
1277 574 1326 603 ac
1346 556 1552 619 patiendo
1573 556 1728 612 habet,

338 648 445 676 num
462 646 726 691 magnopere
746 629 993 675 mirandum
1012 632 1109 674 est?
1142 633 1192 674 D.
1222 632 1320 676 Non
1342 629 1513 689 opinor.
1534 630 1594 674 M.
1615 626 1733 682 Quid·

338 718 439 763 crgo
455 702 709 747 dubitamus
728 710 930 746 sonan-tes
949 716 1153 746 numeros
1171 710 1302 764 atque
1315 716 1545 761 corporeos
1558 713 1731 760 praepo-

339 791 441 819 nere
461 775 526 827 iis,
553 773 629 834 qui
653 774 707 817 ab
730 773 830 833 ipsis
852 773 987 828 fiunt⁷
1019 772 1216 833 quamvis
1244 773 1289 816 in
1312 772 1455 816 anima
1480 772 1608 826 fiant,
1633 785 1731 831 quae

339 861 518 906 corpore
533 855 597 889 est
615 843 794 888 melior?
812 843 913 905 quia
937 858 1142 887 numeros
1164 843 1371 899 numeris,
1391 842 1626 888 efficientes
1639 840 1732 886 fac-

342 918 391 962 tis
414 933 503 961 non
526 931 683 976 eorpus
718 915 872 960 animae
907 914 1216 975 praeponimus.
1254 915 1446 974 Corpora
1472 912 1588 956 enim
1608 920 1733 957 tanto

340 988 517 1033 meliora
540 996 657 1043 sunt,
679 995 846 1048 quanto
864 985 1159 1031 numerosiora
1173 985 1331 1030 talibus
1347 983 1555 1030 numeris.
1576 983 1732 1028 Anima

339 1076 441 1105 vero
459 1060 562 1115 istis7
584 1076 683 1120 quoe
694 1075 771 1119 per
789 1074 946 1119 corpus
960 1058 1116 1118 accipit
1131 1060 1163 1113 1,
1181 1056 1370 1102 carendo
1384 1058 1433 1102 fit
1447 1055 1615 1111 melior,
1631 1070 1732 1103 cum

340 1147 429 1175 sese
449 1131 604 1175 avertit
625 1147 647 1175 a
670 1129 917 1175 carnalibus
935 1129 1144 1185 sensibus,
1173 1138 1215 1173 et
1232 1127 1389 1173 divinis
1406 1126 1626 1188 sapien-[iae
1647 1142 1734 1170 nu-

341 1203 467 1247 meris
484 1202 760 1247 reformatur.
790 1205 854 1246 lta
877 1202 1039 1261 quippe
1053 1201 1098 1245 in
1117 1200 1350 1260 Scripturis
1369 1199 1524 1245 sanctis
1547 1198 1732 1242 dicitur:

347 1296 363 1316 »
390 1275 626 1320 Circuniivi
641 1290 738 1333 ego,
752 1273 963 1318 utscireni
975 1282 1018 1317 et
1027 1271 1346 1317 considerarem
1360 1281 1403 1316 et
1413 1284 1653 1333 quaererem
1667 1285 1736 1314 sa-

345 1364 364 1386 »
391 1345 599 1405 pientiam
613 1354 655 1389 et
669 1347 929 1389 numerum2
948 1363 956 1389 2
972 1362 991 1385 ³)
1012 1343 1133 1404 quod
1142 1342 1265 1388 nullo
1279 1344 1410 1388 modo
1434 1340 1738 1387 arbitrandum

342 1426 406 1460 cst
428 1415 482 1460 de
499 1416 565 1461 his
583 1415 776 1460 numeris
798 1414 981 1469 dictum⁷
1007 1414 1167 1475 quibus
1189 1414 1318 1458 etiam
1341 1413 1553 1472 flagitiosa
1570 1412 1738 1455 theatra

342 1496 580 1547 personant
615 1506 624 1530 ι
657 1485 735 1530 sed
756 1485 810 1529 de
832 1485 916 1530 illis
940 1485 1072 1530 credo
1095 1501 1204 1546 quos
1226 1500 1317 1529 non
1336 1500 1360 1528 a
1380 1498 1560 1543 corpore
1583 1482 1740 1541 accipit

344 1556 509 1612 anima,
549 1554 625 1600 sed
648 1564 845 1615 acceptos
870 1571 893 1598 a
922 1570 1092 1598 summo
1116 1558 1206 1597 Deo
1241 1554 1332 1613 ipsa
1360 1553 1506 1612 potius
1528 1551 1739 1612 imprimit

344 1628 514 1688 corpori
533 1647 540 1672 :
561 1626 683 1689 quod
703 1626 834 1687 quale
856 1626 925 1681 sit,
952 1640 1041 1669 non
1056 1625 1140 1669 hoc
1157 1622 1254 1669 loco
1276 1621 1733 1668 estconsiderandum.

903 1894 1126 1944 CAPUT
1163 1895 1223 1943 V.

346 2032 530 2079 Anima
553 2047 620 2076 cm
651 2046 684 2074 α
717 2044 918 2088 corpore
937 2029 1181 2088 patiatur,
1217 2035 1262 2072 ec
1283 2024 1522 2085 quomodo
1543 2025 1735 2071 sentiat.

407 2173 529 2214 VIII.
552 2172 862 2214 VERUMTAMEN
881 2182 935 2211 ne
949 2165 1061 2211 illud
1079 2173 1292 2220 occurrat,
1313 2163 1478 2208 arboris
1495 2162 1631 2208 vitam
1643 2178 1739 2208 me-

348 2241 501 2286 liorem
517 2256 606 2285 esse
627 2255 760 2301 quam
780 2247 988 2293 nostram,
1010 2236 1217 2297 quoniam
1238 2250 1328 2279 non
1345 2233 1502 2294 accipit
1514 2223 1740 2278 sentiendo

349 2329 372 2357 a
395 2328 575 2372 corpore
597 2327 824 2369 numeros3
858 2307 1005 2354 nullus
1039 2308 1157 2352 enim
1177 2307 1215 2350 ei
1236 2322 1385 2352 sensus
1405 2314 1486 2361 est,
1511 2303 1741 2364 diligenter

348 2382 715 2429 considerandum
757 2390 820 2426 cst
843 2390 992 2425 utrum
1013 2394 1160 2424 revera
1183 2377 1292 2422 nihil
1313 2377 1365 2422 sit
1383 2376 1502 2440 qliud
1532 2374 1654 2437 quod
1670 2374 1740 2420 di-

348 2456 482 2511 citur,
520 2453 692 2509 audire,
724 2452 801 2498 nisi
837 2451 1002 2512 aliquid
1025 2467 1048 2496 a
1076 2465 1256 2510 corpore
1277 2449 1324 2496 in
1341 2448 1484 2494 anima
1509 2447 1617 2492 fieri.
1655 2446 1740 2492 Sed

398 2571 405 2588 ¹
436 2576 446 2596 1
469 2566 607 2596 Retinet.
631 2574 700 2605 cap.
723 2574 764 2604 ιι,
783 2574 813 2594 n.
835 2571 867 2594 2.
889 2577 930 2583 —
948 2567 959 2583 ²
984 2559 1070 2592 Eccl.
1095 2569 1156 2600 vu,
1175 2559 1231 2591 2G;
