1888 3168
657 191 712 218 DE
745 188 900 218 MUSICA
934 192 1016 218 Lis.
1056 191 1118 217 1v.
1491 178 1577 218 409

177 254 523 319 qnz'(1git,nz'lzz'l
532 256 652 318 agit,
664 255 736 301 Et
747 253 870 312 ideo,
887 255 950 300 M
948 257 1043 300 iser
1054 257 1157 301 erit.
1171 259 1222 301 D.
1242 257 1438 303 Suaviter
1451 258 1580 302 etiam

176 328 255 374 ista
281 344 324 372 sc
341 328 591 382 insinuant,
617 327 699 371 nisi
714 342 805 371 uno
827 325 947 381 loco,
972 326 1051 370 ubi
1074 328 1171 372 finis
1193 328 1309 372 tertii
1332 344 1433 373 cum
1455 328 1581 373 initio

176 400 322 461 quarti
338 398 584 459 copulatur.
597 401 658 443 M.
679 396 876 459 Idipsum
892 398 1072 443 omnino
1091 408 1170 453 est,
1184 399 1304 459 quod
1327 416 1349 444 a
1364 400 1447 445 tuis
1462 401 1581 445 auri-

176 473 258 516 bus
290 469 547 515 desideravi.
577 472 678 515 Non
697 470 815 514 enim
832 469 993 515 frustra
1016 485 1166 515 sensus
1191 470 1454 527 offenditur,
1479 487 1582 516 eum

175 544 373 589 omnium
386 541 661 601 syllabarum
676 541 801 587 nullo
822 541 1083 602 interposito
1100 540 1269 587 silentio
1282 551 1478 603 tempora
1494 543 1583 587 sin-

175 616 275 675 gula
290 623 488 675 expectat
505 634 512 660 :
534 629 669 678 quam
694 614 1043 674 expectationem
1062 611 1260 674 profecto
1282 612 1458 659 fraudat
1473 630 1581 659 con-

173 703 324 732 cursus
340 686 527 731 duarum
541 679 893 740 consonantium,
908 696 924 730 t
938 695 981 731 et
992 703 1039 742 72,
1053 702 1154 748 quae
1166 686 1491 747 praecedentem
1503 702 1582 731 vo-

173 759 310 804 calem
326 758 503 818 longam
526 773 616 803 esse
636 768 816 818 cogunt,
841 768 884 803 et
905 758 950 803 in
973 756 1063 803 duo
1085 767 1283 819 tempora
1306 757 1577 814 extendunt,

172 829 293 892 quod
308 846 443 889 genus
462 829 733 888 grammatici
750 830 967 890 positione
982 829 1158 889 longam
1173 828 1388 888 syllabam
1403 838 1577 873 vocant.

175 901 259 947 Sed
272 912 452 962 propter
462 900 582 946 illam
596 901 763 946 ultimae
781 901 963 960 syllabae
976 900 1339 957 indifferentiam,
1353 916 1484 945 nemo
1495 901 1580 944 cri-

172 973 368 1018 minatur
389 974 473 1018 hoc
498 981 712 1029 metrum,
739 988 840 1018 cum
857 971 903 1017 id
919 974 1094 1018 sincerae
1119 983 1252 1034 atque
1273 988 1435 1017 severae
1457 987 1581 1016 aures

172 1044 302 1089 etiam
319 1044 411 1090 sine
425 1053 675 1090 accusatore
697 1045 1008 1090 condemnent.
1029 1047 1141 1091 Nam
1159 1043 1260 1090 vide
1278 1059 1427 1106 quaeso
1444 1059 1583 1106 quan-

171 1124 266 1160 tum
291 1116 473 1160 interest
491 1152 502 1172 ,
528 1116 562 1160 si
584 1131 665 1177 pro
688 1131 739 1161 eo
762 1114 885 1177 quod
907 1125 994 1172 est,

318 1208 458 1257 [Uale
489 1210 574 1270 qui
601 1212 732 1273 agit,
765 1208 913 1258 Nilzz'l
941 1211 1067 1273 agit:
1101 1209 1294 1266 dicatur,

317 1280 459 1328 Male
489 1283 575 1342 (μα’
602 1284 708 1344 agit
716 1302 739 1338 ,-
768 1280 935 1327 Homo
962 1281 1105 1342 perit.

170 1380 221 1421 D.
245 1378 340 1422 Hoc
362 1392 465 1422 sane
486 1376 707 1438 liquidum
731 1385 864 1438 atque
901 1377 1125 1437 integrum
1148 1386 1227 1421 est.
1254 1378 1316 1422 M.
1350 1377 1445 1421 Hoc
1478 1389 1581 1434 ergo

168 1464 247 1493 nos
265 1448 545 1494 observemus
559 1458 740 1509 propter
757 1449 936 1493 musicae
957 1449 1274 1504 sinceritatem,
1296 1447 1418 1510 quod
1434 1450 1578 1508 poetfe

168 1535 259 1565 non
294 1520 529 1565 observant
561 1529 741 1581 propter
780 1518 1036 1565 facilitatem
1063 1519 1277 1566 canendi:
1303 1529 1355 1565 ut
1381 1519 1577 1581 quoties,

168 1591 355 1653 exempli
368 1608 496 1637 eausa
509 1628 519 1647 ,
537 1592 664 1637 nobis
682 1607 857 1637 necesse
870 1601 935 1637 est
953 1591 1100 1654 aliqua
1111 1601 1250 1637 metra
1268 1592 1549 1652 interponere
1565 1626 1577 1648 ,

167 1663 212 1707 in
245 1664 407 1724 quibus
437 1663 547 1707 nihil
570 1663 758 1708 debetur
780 1664 884 1723 pedi
904 1663 1026 1725 quod
1051 1663 1222 1709 silentio
1245 1672 1576 1723 compensetur,

166 1750 236 1779 eas
270 1749 485 1795 ponamus
513 1733 690 1778 ultimas
728 1733 918 1792 syllabas
941 1749 1049 1795 quas
1083 1734 1152 1778 lex
1182 1733 1380 1795 ejusdem
1406 1733 1579 1778 numeri

167 1805 354 1864 flagitat,
381 1820 435 1848 ne
452 1820 554 1849 cum
578 1804 723 1865 aliqua
739 1804 982 1850 offensione
997 1804 1172 1849 aurium
1189 1814 1233 1849 et
1249 1803 1438 1848 falsitate
1459 1820 1581 1848 men-

165 1893 295 1932 surae,
311 1892 335 1921 a
350 1877 438 1921 fine
456 1875 513 1921 ad
534 1875 711 1921 initium
734 1875 964 1920 redeamus
983 1897 994 1934 3
1019 1876 1311 1921 concedentes
1330 1884 1476 1919 tamen
1494 1875 1578 1920 illis

165 1957 214 1992 ut
237 1948 298 1992 ita
320 1956 458 1992 metra
480 1946 582 1991 talia
605 1947 781 2002 finiant,
812 1947 936 2008 quasi
958 1946 1166 2007 deinceps
1190 1945 1301 1990 nihil
1323 1945 1508 2002 dicturi,
1535 1956 1579 1992 et

163 2018 263 2064 ideo
286 2028 528 2063 extremam
547 2017 766 2082 syllabagn
783 2034 858 2063 seu
891 2017 1068 2077 longam
1090 2033 1168 2062 scu
1191 2018 1373 2062 brevem
1396 2017 1578 2078 impune

163 2090 455 2136 constituant:
476 2105 580 2134 nam
606 2088 653 2133 in
676 2088 1009 2133 continuatione
1039 2097 1283 2134 metrorum
1304 2088 1575 2149 apertissime

162 2162 487 2207 convincuntur
505 2162 677 2206 aurium
697 2160 883 2222 judicio,
921 2175 1012 2204 non
1030 2175 1074 2204 se
1099 2159 1261 2205 debere
1280 2176 1444 2221 ponere
1468 2160 1576 2205 ulti-

163 2249 301 2288 mam,
315 2234 410 2283 ⁷nisi
438 2249 538 2294 quae
572 2232 705 2292 ipsius
726 2232 857 2276 metri
873 2233 972 2293 jure
994 2247 1043 2276 ac
1066 2231 1235 2277 ratione
1258 2232 1466 2292 ponenda
1488 2242 1573 2278 est:

165 2308 269 2349 Haec
286 2313 431 2349 autem
445 2304 716 2349 continuatio
731 2304 801 2359 fit,
823 2319 925 2348 cum
942 2302 1045 2363 pedi
1060 2303 1172 2348 nihil
1190 2303 1381 2348 debetur
1393 2314 1574 2364 propter

163 2375 286 2437 quod
308 2375 430 2420 silere
446 2391 668 2435 cogamur.
691 2377 742 2419 D.
770 2373 997 2433 Intelligo,
1024 2383 1068 2419 et
1092 2385 1265 2435 gratum
1288 2375 1432 2420 habeo
1450 2375 1573 2436 quod

164 2444 265 2490 talia
289 2445 505 2506 polliceris
523 2445 740 2507 exempla,
761 2445 922 2506 quibus
939 2445 1107 2491 nullam
1125 2447 1317 2507 patiatur
1334 2462 1483 2492 sensus
1497 2447 1573 2490 in-

160 2518 336 2578 juriani.
