1852 3163
676 183 730 209 DE
762 181 925 209 onmiw:
960 181 1042 207 Lm.
1081 181 1110 206 1.
1520 171 1599 207 157

259 248 426 292 XVllI.
448 250 498 292 In
512 262 599 308 qua
620 246 903 292 conclusione
922 244 1048 291 timui
1071 244 1283 290 Licentio.
1311 248 1368 290 At
1391 243 1604 306 illcinge-

201 317 386 363 miscens
407 316 669 363 difficultate
686 318 923 364 verborum
937 352 948 373 ,
966 333 1047 361 nec
1066 316 1248 361 omnino
1275 332 1477 377 quaerens
1497 317 1607 378 quid

199 388 504 450 responderet,
547 388 624 434 sed
657 388 1035 450 quemadmodum
1079 386 1201 449 quod
1246 387 1607 449 respondendum

197 470 291 506 erat
320 469 568 522 promeret:
600 463 699 507 Non
731 460 875 521 diligit
907 463 1023 505 Deus
1055 458 1193 515 mala,
1227 458 1395 521 inquit,
1437 475 1520 506 nec
1550 461 1608 505 ob

198 532 321 579 aliud
345 532 427 578 nisi
452 532 555 594 quia
577 533 740 578 ordinis
767 549 859 578 non
881 541 946 578 est
962 568 973 589 ,
1004 541 1055 577 ut
1077 535 1191 577 Deus
1210 530 1325 577 mala
1353 531 1522 592 diligat.
1551 535 1609 576 Et

198 603 401 650 ordinem
422 602 521 649 ideo
551 603 745 649 multum
778 603 946 664 diligit,
970 603 1074 666 quia
1107 619 1186 664 per
1217 620 1318 649 eum
1341 619 1431 649 non
1468 602 1612 663 diligit

198 675 327 722 mala.
355 677 413 720 At
433 691 540 721 vero
560 675 652 736 ipsa
673 675 787 720 mala
809 677 888 737 qui
908 684 1092 736 possunt
1124 692 1217 721 non
1249 692 1339 721 esse
1373 675 1420 720 in
1454 674 1610 721 ordine

196 763 299 792 cum
316 750 431 792 Deus
445 746 521 791 illa
536 762 629 791 non
645 745 797 805 diligat
810 749 828 792 Ρ
840 749 951 794 Nam
963 748 1043 792 iste
1059 747 1150 808 ipse
1169 757 1232 793 est
1245 747 1463 792 malorum
1479 746 1606 803 ordo,

199 828 249 865 ut
269 835 360 865 non
377 816 617 878 dih'gantur
639 835 663 864 a
680 822 788 865 Deo.
813 823 884 866 An
906 836 1065 881 parvus
1089 836 1238 865 rerum
1260 820 1369 866 ordo
1393 819 1472 865 tibi
1490 818 1613 865 vide-

198 901 292 947 tur,
318 900 370 937 ut
391 899 435 936 et
455 890 572 936 hona
590 894 706 936 Deus
728 890 884 952 diligat
901 928 912 948 ,
933 901 977 937 et
995 908 1084 938 non
1109 892 1261 952 diligat
1283 891 1425 938 mala?
1449 895 1514 937 Ita
1533 908 1614 936 nec

198 973 358 1025 praeter
390 963 591 1009 ordinem
614 973 717 1009 sunt
738 964 877 1021 mala,
910 981 1012 1027 quac
1034 981 1126 1011 non
1150 965 1292 1024 diligit
1313 968 1452 1021 Deus,
1479 973 1523 1009 et
1546 964 1616 1024 ip-

198 1051 297 1081 sum
325 1045 475 1080 tamen
505 1034 706 1081 ordinem
740 1035 907 1095 diligit:
937 1037 1022 1082 hoc
1045 1037 1189 1097 ipsum
1215 1036 1332 1081 enim
1352 1035 1496 1095 diligit
1513 1035 1615 1080 dili-

200 1123 300 1168 gere
325 1107 464 1162 bona,
482 1116 526 1151 et
543 1122 634 1151 non
652 1106 834 1165 diligere
856 1106 971 1150 mala
989 1126 1000 1163 ς
1020 1105 1144 1167 quod
1166 1115 1230 1151 est
1252 1107 1401 1166 magni
1424 1106 1590 1152 ordinis
1604 1143 1614 1163 ,

198 1188 243 1224 et
276 1179 436 1225 divinae
466 1177 778 1240 dispositionis.
819 1178 905 1231 Qui
929 1177 1037 1223 ordo
1071 1187 1204 1240 atque
1228 1177 1479 1239 dispositio,
1515 1178 1620 1241 quia

199 1251 494 1298 universitatis
523 1250 859 1311 congruentiam
885 1250 977 1311 ipsa
1006 1250 1290 1296 distinctione
1317 1251 1532 1307 custodit,
1571 1252 1622 1296 fit

198 1333 250 1370 ut
276 1324 390 1370 mala
407 1325 540 1370 etiam
564 1340 653 1369 esse
672 1339 846 1368 necesse
869 1323 938 1365 sit.
968 1326 1034 1366 Ita
1052 1323 1176 1382 quasi
1192 1340 1244 1367 cx
1257 1324 1484 1367 antithetis
1504 1339 1620 1384 quo—

198 1396 301 1440 dam
324 1396 480 1449 modo,
502 1395 625 1454 quod
647 1394 775 1437 nobis
799 1392 932 1437 etiam
956 1392 1003 1436 in
1026 1391 1224 1437 oratione
1249 1393 1503 1453 jucundum
1527 1404 1618 1451 est,

198 1464 246 1511 id
260 1474 348 1522 est,
366 1480 419 1511 ex
437 1463 665 1510 contrariis
687 1463 886 1509 omnium
899 1462 1031 1509 simul
1045 1479 1193 1509 rerum
1213 1462 1501 1525 pulchritudo
1513 1465 1625 1526 figu-

203 1548 345 1584 ratur.

259 1611 385 1655 XIX.
429 1612 534 1654 Post
560 1609 647 1654 hoc
689 1607 928 1653 intersiluit
958 1607 1160 1653 'modice⁸
1200 1610 1259 1653 Et
1306 1617 1487 1669 repente
1529 1625 1622 1656 sese

201 1682 371 1741 erigens
393 1697 482 1742 qua
507 1679 741 1739 Trygetius
763 1678 930 1724 lectum
952 1679 1162 1724 habebat.
1180 1682 1292 1726 Nam
1315 1697 1468 1741 quaero
1491 1696 1542 1726 ex
1560 1691 1619 1738 te,

202 1769 353 1816 quaeso
369 1789 379 1809 ,
409 1752 556 1814 inquit
571 1753 738 1813 ,justus
762 1767 818 1796 ne
840 1752 894 1798 sit
910 1754 1060 1797 Deus?
1083 1752 1274 1797 Tacebat
1295 1751 1391 1809 ille,
1418 1753 1547 1798 nimis
1572 1763 1624 1798 ut

200 1835 354 1887 postea
378 1822 531 1869 retulit
551 1822 773 1868 admirans
794 1832 838 1868 et
865 1824 1050 1868 horrens
1083 1822 1231 1868 subito
1254 1823 1547 1884 condiscipuli
1581 1833 1625 1869 et

202 1895 429 1943 familiaris
462 1895 530 1941 sui
560 1895 761 1940 afflatum
784 1911 899 1941 nova
913 1894 1201 1955 inspiratione
1230 1910 1496 1940 sermonem.
1524 1898 1624 1950 Quo

203 1978 374 2015 tacente
397 1966 471 2012 ille
493 1967 553 2012 ita
572 1977 747 2013 secutus
769 1976 849 2012 est.
874 1967 918 2013 Si
936 1967 1054 2012 enim
1072 1970 1214 2012 Deum
1226 1968 1401 2028 justum
1419 1983 1511 2012 non
1532 1983 1624 2013 esse

200 2038 497 2100 responderis,
525 2049 577 2084 tu
598 2038 760 2084 videris
782 2037 894 2100 quid
915 2053 1014 2097 agas
1029 2074 1039 2094 ,
1067 2038 1144 2100 qui
1166 2054 1237 2083 me
1263 2037 1437 2084 dudum
1462 2039 1624 2100 impie-

210 2112 310 2157 tatis
334 2109 564 2170 arguebas.
592 2111 636 2155 Si
659 2120 808 2154 autem
830 2118 881 2153 ut
907 2110 1036 2154 nobis
1061 2109 1249 2155 traditur
1264 2146 1275 2167 ,
1305 2126 1475 2173 nosque
1488 2111 1624 2172 ipsius

206 2182 370 2230 ordinis
396 2181 654 2227 necessitate
676 2180 917 2237 sentimus,
950 2181 1096 2242 justus
1123 2191 1187 2226 est
1205 2185 1344 2239 Deus,
1365 2199 1441 2228 sua
1464 2182 1626 2244 cuique

203 2253 510 2301 distribuendo
546 2254 703 2314 utique
737 2254 883 2314 justus
921 2262 999 2298 est.
1040 2257 1148 2308 Quae
1185 2264 1334 2300 autem
1370 2254 1625 2301 distributio

205 2326 291 2373 dici
313 2335 480 2387 potest,
505 2326 585 2371 ubi
608 2324 834 2370 distinctio
855 2323 978 2370 nulla
1004 2335 1069 2370 est
1093 2327 1111 2371 Ξ)
1133 2329 1223 2371 Aut
1245 2342 1345 2387 quae
1369 2326 1592 2373 distinctio
1611 2364 1622 2383 ,

204 2400 239 2446 si
252 2400 371 2445 bona
385 2408 490 2444 sunt
504 2398 650 2445 omnia
664 2400 682 2443 Ρ
694 2397 869 2452 Quidve
882 2407 1043 2459 praeter
1057 2397 1256 2443 ordinem
1269 2399 1447 2460 reperiri
1460 2409 1620 2460 potest,

202 2472 237 2518 si
259 2471 337 2517 Dei
353 2471 522 2533 justitia
553 2472 776 2517 bonorum
809 2470 1118 2532 malorumque
1144 2471 1310 2516 meritis
1345 2487 1423 2517 sua
1459 2472 1626 2533 cuique

206 2542 494 2590 redduntur?
523 2545 700 2591 Justum
722 2552 871 2593 autem
894 2546 1035 2590 Deum
1059 2558 1210 2589 omnes
1232 2542 1437 2590 fatemur.
1465 2546 1624 2590 Totum
