1888 3168
338 215 421 255 314
773 223 808 253 s.
845 224 1080 253 mensum
1111 225 1294 254 EPISCOPI

334 307 451 347 mus,
478 291 512 335 si
545 290 865 352 nobismetipsis
894 307 1011 336 curae
1059 305 1225 336 sumus.
1263 293 1368 337 Haec
1395 292 1525 351 igitur
1551 294 1719 354 primo,

330 363 454 426 quod
471 363 607 408 cuivis
626 363 968 409 animadvertere
984 362 1109 407 facile
1130 373 1209 419 est,
1234 365 1488 425 corpushoc
1500 373 1723 412 terrenum

332 445 464 496 atque
486 433 670 480 mortale
690 435 918 495 praesentia
942 449 1016 478 sua
1040 433 1252 493 vivificat,
1286 435 1454 496 colligit
1475 436 1521 481 in
1549 452 1690 481 unum
1707 472 1719 493 ,

331 517 463 568 atque
476 507 522 551 in
540 522 629 552 uno
647 516 783 562 tenet,
810 507 1008 550 diffluere
1026 515 1159 568 atque
1172 508 1478 553 contabescere
1490 523 1580 553 non
1597 508 1720 567 sinit3

330 578 536 623 alimenta
558 594 635 639 per
658 579 853 623 membra
875 578 1104 639 aequaliter
1136 579 1222 625 suis
1245 580 1407 641 cuique
1430 578 1610 625 redditis
1632 580 1722 625 dis-

331 650 466 694 tribui
485 651 608 709 facit3
629 650 965 709 congruentiam
983 651 1074 711 ejus
1090 650 1361 713 modumque
1373 660 1614 709 conservat,
1633 668 1724 698 non

330 731 503 767 tantum
517 722 563 767 in
579 721 927 783 pulchritudine,
943 721 1019 767 sed
1035 722 1168 767 etiam
1183 723 1229 767 in
1243 723 1476 769 crescendo
1489 733 1620 785 atque
1634 724 1726 783 gig-

330 793 492 838 nendo.
537 793 621 839 Sed
662 795 756 837 haec
789 793 920 838 ctiam
957 794 1125 838 homini
1146 810 1249 839 cum
1280 794 1443 839 arbutis
1475 796 1723 840 communia

329 862 467 908 videri
500 872 671 925 queunt
704 883 711 908 :
749 863 844 907 haec
874 863 991 908 enim
1018 865 1149 909 etiam
1180 865 1364 911 dicimus
1390 865 1549 922 vivere,
1575 866 1622 909 in
1645 881 1724 910 suo

329 950 437 979 vero
464 934 662 996 quidque
683 934 859 980 illorum
876 950 1033 995 genere
1052 936 1275 994 custodiri,
1301 937 1372 994 ali,
1399 952 1604 993 crescere,
1626 937 1723 997 gig-

328 1021 432 1051 nere
460 1006 658 1051 videmus
681 1015 813 1068 atque
831 1006 1034 1052 fatemur.

391 1080 549 1121 LXXI.
583 1078 780 1122 Ascende
803 1079 951 1139 itaque
978 1078 1164 1124 alterum
1190 1079 1390 1139 gradum,
1424 1089 1468 1124 et
1495 1078 1595 1124 vide
1616 1078 1725 1140 quid

327 1148 466 1208 possit
489 1149 631 1193 anima
664 1149 710 1194 in
739 1149 949 1205 sensibus,
990 1150 1069 1194 ubi
1103 1150 1344 1196 evidentior
1372 1150 1725 1211 manifestiorque

327 1220 415 1265 vita
438 1220 710 1279 intelligitur.
744 1223 843 1267 Non
871 1222 988 1265 enim
1023 1222 1243 1267 audienda
1264 1233 1329 1268 est
1351 1223 1498 1267 nescio
1519 1238 1618 1282 quae
1640 1222 1725 1266 im-

326 1293 463 1353 pietas
485 1292 702 1338 rusticana
726 1292 871 1354 plane,
908 1293 1135 1354 magisque
1156 1293 1300 1353 lignea
1329 1309 1463 1355 quam
1488 1302 1590 1338 sunt
1619 1293 1724 1353 ipsae

324 1366 501 1410 arbores
536 1365 697 1426 quibus
724 1366 1018 1426 patrocinium
1053 1366 1244 1425 praebet,
1280 1382 1380 1427 quae
1412 1364 1560 1412 dolere
1589 1365 1725 1411 vitem

325 1436 502 1498 quando
524 1453 609 1482 uva
633 1437 903 1498 decerpitur,
935 1447 978 1482 et
1013 1453 1103 1482 non
1138 1437 1282 1482 solum
1314 1438 1474 1481 sentire
1507 1438 1587 1481 ista
1623 1452 1724 1481 cum

325 1509 573 1564 caeduntur,
600 1509 676 1554 sed
702 1509 832 1553 etiam
861 1507 1010 1554 videre
1038 1518 1170 1569 atque
1190 1508 1342 1553 audire
1363 1508 1501 1553 credit
1527 1527 1536 1553 ε
1562 1507 1616 1552 de
1636 1524 1726 1569 quo

325 1597 469 1626 errore
507 1581 737 1640 sacrilego,
772 1581 884 1624 alius
920 1590 984 1624 est
1015 1579 1255 1624 disserendi
1283 1579 1420 1624 locus.
1447 1582 1576 1625 Nunc
1604 1580 1726 1640 quod

325 1652 613 1706 institueram,
640 1650 821 1695 intende
844 1667 944 1711 quae
966 1651 1021 1694 sit
1039 1651 1104 1695 vis
1126 1651 1281 1694 animae
1298 1650 1344 1694 in
1364 1649 1576 1706 sensibus,
1593 1659 1725 1711 atque

326 1724 371 1767 in
392 1723 486 1783 ipso
512 1731 635 1766 motu
657 1721 963 1766 manifestioris
987 1721 1238 1776 animantis,
1260 1735 1451 1781 quorum
1472 1721 1599 1766 nobis
1622 1737 1724 1766 cum

325 1795 390 1850 iis,
415 1810 514 1855 quae
532 1793 751 1838 radicibus
773 1795 857 1837 fixa
879 1802 998 1848 sunt,
1030 1791 1152 1837 nulla
1172 1801 1314 1852 potest
1333 1807 1422 1837 esse
1450 1794 1718 1838 communio.

325 1865 519 1911 Intendit
536 1880 580 1909 se
597 1865 740 1909 anima
762 1865 809 1907 in
830 1873 1013 1918 tactum,
1034 1872 1078 1907 et
1099 1879 1151 1907 eo
1170 1862 1326 1919 calida,
1352 1862 1526 1922 frigida,
1553 1879 1718 1924 aspera,

324 1935 455 1991 lenia,
492 1935 619 1990 dum,
649 1934 812 1989 mollia,
843 1933 971 1989 levia,
1005 1934 1150 1993 gravia
1184 1934 1314 1978 sentit
1337 1942 1469 1995 atque
1496 1932 1717 1980 discernit.

325 2005 492 2051 Deinde
515 2004 854 2050 innumerabiles
883 2004 1155 2049 differentias
1177 2020 1399 2064 saporum,
1421 2004 1622 2062 odorum,
1649 2022 1721 2051 so-

325 2093 500 2133 norum,
521 2076 780 2131 formarum,
803 2075 1036 2135 gustando,
1058 2074 1322 2130 olfaciendo,
1337 2074 1556 2121 audiendo
1572 2076 1722 2122 viden-

325 2149 472 2210 doque
494 2147 718 2210 dijudicat.
744 2151 891 2208 Atque
914 2149 960 2192 in
982 2148 1030 2192 iis
1059 2147 1262 2192 omnibus
1285 2163 1335 2192 ea
1357 2164 1456 2208 quae
1477 2148 1721 2193 secundum

326 2232 528 2267 naturam
554 2222 619 2266 sui
640 2220 842 2280 corporis
864 2229 988 2275 sunt,
1023 2220 1189 2265 asciscit
1211 2229 1343 2280 atque
1364 2221 1552 2280 appetit3
1582 2221 1720 2283 rejicit

326 2292 530 2353 fugitque
551 2292 782 2337 contraria.
810 2295 1023 2336 Removet
1041 2306 1085 2335 se
1112 2291 1166 2335 ab
1196 2290 1261 2334 his
1285 2291 1482 2336 sensibus
1508 2301 1627 2336 certo
1650 2292 1719 2336 in-

326 2363 506 2409 tervallo
533 2373 778 2424 temporum
795 2400 805 2419 ,
833 2373 876 2408 et
898 2379 1051 2408 eorum
1082 2372 1226 2407 motus
1249 2363 1371 2423 quasi
1401 2379 1480 2423 per
1505 2364 1714 2424 quasdam

325 2434 450 2479 ferias
474 2450 693 2494 reparans,
719 2435 925 2494 imagines
948 2450 1095 2478 rerum
1117 2450 1224 2495 quas
1245 2450 1322 2494 per
1351 2449 1423 2479 eos
1452 2435 1612 2491 hausit,
1651 2451 1717 2479 se-

325 2522 426 2550 cum
448 2507 698 2550 catervatim
721 2515 764 2549 ct
791 2505 1088 2566 multipliciter
1108 2514 1276 2561 versat,
1302 2515 1346 2551 et
1366 2506 1450 2551 hoc
1482 2515 1626 2551 totum
1653 2514 1715 2550 est

325 2594 501 2623 somnus
515 2587 557 2622 et
574 2578 755 2623 somnia.
786 2581 908 2638 Saepe
925 2579 1054 2624 etiam
1077 2577 1299 2637 gestiendo
1321 2594 1370 2625 ac
1382 2577 1583 2638 vagando
1604 2577 1713 2623 faci-
