1888 3168
299 167 384 206 366
713 178 747 205 s.
784 174 1012 205 Aucusrim
1044 176 1228 205 Emscom

298 327 653 346 MMAMW=WW⁸M2
656 327 938 345 mmmmm
942 327 1436 345 &mmmmm-§amum
1441 327 1689 348 WUMMWUW

812 462 1032 514 CAPUT
1074 465 1163 515 VI.

737 606 898 655 Pedes
919 606 1242 670 tetrasyllabi.

356 745 435 790 IX.
459 747 521 792 M.
556 747 678 792 Nunc
714 755 1031 807 quaternarum
1066 746 1337 805 syllabarum
1363 745 1497 806 pedes
1537 760 1695 791 conse-

295 825 482 878 quenter
518 826 649 878 atque
677 816 830 862 ordine
857 817 1112 875 videamus,
1145 827 1187 863 et
1221 818 1312 879 ipse
1331 819 1424 879 jam
1454 815 1525 862 dic
1553 832 1691 877 quem

293 888 488 948 primum
509 889 669 933 horum
702 904 792 934 esse
827 899 1054 950 oporteat,
1094 889 1243 935 addita
1270 889 1404 935 etiam
1424 889 1592 934 ratione
1623 887 1694 932 di-

293 959 468 1004 visionis
492 961 598 1020 ejus.
634 963 686 1006 D.
732 961 904 1006 Scilicet
938 971 1130 1023 quatuor
1172 961 1394 1018 brevium,
1424 961 1503 1022 qui
1527 958 1691 1005 dividi-

295 1031 427 1075 turin
443 1029 551 1076 duas
574 1032 779 1076 binarum
800 1032 1071 1091 syllabarum
1092 1043 1251 1094 partes,
1269 1032 1508 1095 aequalium
1522 1031 1697 1077 ratione

298 1117 585 1147 numerorum
618 1102 709 1148 duo
748 1112 793 1148 et
832 1103 922 1149 duo
956 1114 1156 1166 tempora
1187 1106 1475 1166 possidentes.
1518 1106 1581 1149 Μ.
1615 1105 1702 1146 Te-

299 1190 403 1233 nes3
428 1176 521 1236 jam
545 1175 693 1237 itaque
716 1191 846 1236 perge
868 1176 984 1237 ipse,
1011 1186 1055 1222 et
1074 1193 1338 1239 persequere
1372 1186 1549 1222 caetera.
1583 1173 1705 1221 Nihil

303 1246 420 1290 enim
446 1262 555 1307 opus
587 1263 676 1292 esse
687 1249 780 1310 jam
795 1258 905 1309 puto
923 1259 968 1294 te
992 1265 1071 1311 per
1090 1249 1262 1311 singula
1283 1248 1574 1309 interrogari,
1597 1260 1704 1292 cum

301 1318 356 1363 sit
375 1334 464 1363 una
498 1319 609 1364 ratio
639 1319 846 1364 demendi
879 1320 1084 1382 deinceps
1119 1323 1273 1368 breves
1307 1322 1523 1382 syllabas3
1546 1330 1594 1365 et
1622 1334 1706 1381 pro

300 1388 367 1434 his
389 1388 541 1449 longas
568 1390 851 1451 subjiciendi,
876 1391 1020 1437 donec
1042 1393 1099 1436 ad
1120 1409 1271 1438 omnes
1294 1394 1450 1452 longas
1471 1393 1702 1448 veniatur,

302 1470 347 1505 et
375 1477 477 1506 cum
508 1461 749 1508 demuntur
785 1463 963 1520 breves,
1001 1463 1236 1525 longaeque
1273 1462 1555 1520 subduntur,
1597 1479 1707 1524 quas

300 1533 530 1579 varietates
552 1533 740 1590 faciant,
775 1544 819 1579 et
846 1545 957 1595 quot
975 1534 1110 1595 pedes
1149 1536 1333 1595 gignant
1368 1534 1675 1580 considerandi
1691 1569 1704 1590 ‚

302 1620 353 1649 ea
381 1604 546 1650 scilicet
576 1604 747 1663 syllaba
777 1606 1074 1666 principatum
1111 1605 1276 1651 ordinis
1312 1606 1553 1662 retinente,
1605 1621 1708 1668 quae

303 1691 393 1721 una
409 1674 543 1721 fuerit
560 1676 675 1721 inter
696 1685 874 1722 caeteras
894 1677 966 1723 vel
986 1677 1120 1737 longa
1134 1676 1207 1722 vel
1229 1677 1376 1723 brevis
1394 1694 1407 1722 .·
1430 1677 1479 1722 in
1502 1677 1570 1722 his
1587 1677 1709 1722 enim

306 1748 511 1793 omnibus
523 1750 615 1809 jam
632 1749 831 1809 superius
847 1764 892 1794 es
908 1750 1181 1795 exercitatus.
1204 1749 1291 1794 Ubi
1312 1759 1459 1794 autem
1481 1749 1584 1794 duae
1603 1749 1707 1794 bre-

306 1836 380 1866 ves
401 1829 505 1866 sunt
529 1829 573 1865 et
594 1819 695 1865 duae
710 1820 879 1881 longae,
904 1821 1026 1883 quod
1046 1822 1093 1866 in
1114 1820 1469 1882 praecedentibus
1481 1836 1572 1866 non
1594 1829 1704 1877 erat,

308 1908 416 1954 quas
453 1907 600 1938 censes
636 1893 934 1954 principatum
963 1894 1127 1939 habere
1165 1893 1356 1939 debere?
1394 1897 1447 1939 D.
1486 1897 1585 1939 Jam
1618 1894 1708 1938 hoc

309 1980 489 2026 quoque
504 1964 789 2010 manifestum
811 1976 876 2011 est
898 1965 953 2010 de
975 1966 1272 2026 superioribus
1292 1982 1302 2008 z
1322 1965 1539 2027 siquidem
1573 1965 1709 2024 magis

309 2045 431 2080 tenet
452 2036 667 2081 unitatem
693 2037 836 2081 brevis
858 2037 1028 2096 syllaba
1055 2053 1155 2098 (suae
1175 2051 1316 2082 unum
1342 2037 1480 2082 habet
1506 2046 1706 2097 tempus,

311 2123 445 2167 quam
476 2107 606 2166 longa
638 2124 738 2169 quae
767 2108 872 2153 duo.
901 2111 960 2154 Et
982 2118 1214 2169 propterea
1252 2108 1299 2152 in
1327 2107 1448 2152 omni
1472 2108 1614 2167 capite
1644 2117 1710 2152 at-

312 2194 400 2239 que
422 2179 636 2240 principio
670 2194 772 2223 eum
802 2178 962 2239 pedem
982 2179 1288 2225 constituimus
1309 2179 1387 2240 qui
1415 2194 1469 2223 ex
1500 2178 1709 2225 brevibus

314 2259 499 2294 constat.

374 2323 430 2364 X.
465 2324 527 2365 Μ.
552 2321 671 2366 Nihil
688 2321 821 2380 igitur
841 2331 884 2366 te
906 2322 1109 2382 impedit,
1135 2322 1243 2382 quin
1268 2337 1418 2367 omnes
1439 2322 1540 2366 istos
1561 2336 1709 2381 perse—

316 2392 461 2452 quaris
479 2393 609 2452 pedes
632 2393 836 2438 audiente
859 2410 907 2439 ac
924 2394 1148 2454 judicante
1164 2409 1235 2437 me
1252 2429 1263 2449 v
1282 2411 1372 2438 11011
1394 2394 1704 2451 interrogante.

316 2465 369 2506 D.
399 2463 573 2508 Faciam
608 2464 641 2508 si
665 2474 818 2524 potero
850 2481 858 2506 :
896 2481 997 2510 nam
1020 2466 1160 2524 primo
1185 2464 1241 2509 de
1274 2474 1464 2526 quatuor
1499 2463 1708 2509 brevibus

317 2533 445 2592 primi
468 2533 589 2594 pedis
606 2570 616 2590 ‚
641 2534 785 2580 brevis
808 2551 896 2581 una
917 2536 1186 2581 detrahenda
1209 2545 1298 2593 est,
1321 2545 1364 2581 et
1391 2551 1469 2596 pro
1502 2551 1551 2581 ea
1579 2534 1710 2593 longa
