1852 3163
228 168 309 210 140
631 183 663 209 s.
703 181 933 211 Aucus-mm
965 181 1147 211 EPlsCoPt

711 324 741 373 Ῐ
751 323 916 371 ‘'et-itas
945 340 978 370 a
1009 322 1135 372 Deo.

282 464 465 507 XXXV.
492 465 744 507 Annon-1110
764 471 907 508 autem
920 461 1250 524 quaedani‚quae
1266 464 1495 510 nobiscum
1515 464 1618 524 agit,

224 544 274 579 ut
303 538 441 579 Deum
475 534 753 579 recordemur
769 569 780 590 ,
801 544 851 579 ut
882 550 982 579 eum
1000 550 1262 594 quaeramus,
1278 544 1329 580 ut
1351 551 1474 591 eum,
1495 534 1621 596 pulso

225 606 343 650 omni
370 604 563 660 fastidio,
585 605 861 661 sitiamus,de
880 606 973 666 ipso
994 605 1050 650 ad
1063 622 1141 652 nos
1166 605 1286 652 fonte
1297 607 1488 652 veritatis
1505 622 1624 651 ema-

224 686 312 721 nat.
331 679 422 721 Hoc.
442 677 721 722 interioribus
739 677 979 723 luminibus
997 678 1155 723 nostris
1165 677 1298 739 jubar
1310 677 1374 723 sol
1394 677 1467 723 ille
1484 694 1625 723 secre-

228 758 294 793 tus
312 747 521 793 iufundit.
541 749 679 809 Hujus
702 758 765 793 est
782 764 935 793 verum
949 765 1078 795 omne
1100 749 1222 812 quod
1238 750 1477 812 loquimur,
1494 750 1625 794 etiam

223 819 402 881 quando
425 818 567 864 adhuc
597 818 667 864 vel
691 820 834 864 minus
853 821 988 876 sanis,
1014 821 1084 866 vel
1107 831 1285 882 repente
1308 822 1467 881 apertis
1488 819 1625 866 oculis

224 889 430 935 audacter
453 891 668 947 converti,
690 900 734 935 et
762 900 906 936 totum
929 891 1087 936 intueri
1115 891 1407 952 trepidamus:
1427 891 1626 952 nihilque

225 960 344 1006 aliud
358 961 488 1005 etiam
508 962 591 1006 hoc
615 971 795 1022 apparet
815 977 905 1007 csse
928 978 1062 1024 quam
1075 966 1236 1019 Deum,
1256 961 1379 1007 nulla
1393 961 1628 1022 degenera-

226 1032 343 1076 tione
365 1031 630 1092 impediente
652 1031 912 1093 perfectum.
950 1036 1060 1078 Nam
1091 1033 1151 1077 ibi
1173 1042 1316 1078 totum
1349 1041 1481 1094 atque
1499 1047 1628 1077 omne

224 1101 469 1164 perfectum
491 1112 577 1158 est,
601 1102 819 1163 simulque
837 1112 901 1147 est
924 1102 1370 1163 omnipotentissimus
1394 1106 1524 1149 Deus.
1540 1098 1630 1148 ‘Sed

226 1185 373 1220 tamen
394 1173 595 1236 quandiu
617 1175 852 1235 quaerimus
870 1210 881 1231 ‚
914 1173 1114 1219 nondum
1135 1175 1229 1235 ipso
1256 1174 1402 1232 fonte,
1430 1184 1560 1236 atque
1578 1183 1630 1220 ut

225 1245 301 1291 illo
320 1245 455 1292 verbo
472 1254 593 1302 utar,
614 1245 890 1306 plenitudine
907 1245 1113 1302 saturati,
1134 1244 1336 1290 nondum
1353 1246 1410 1291 ad
1427 1255 1630 1291 nostrum

226 1318 410 1364 modum
427 1334 505 1364 nos
518 1317 764 1379 pervenisse
780 1318 1021 1365 fateamur:
1043 1327 1086 1363 et
1103 1317 1204 1363 ideo
1218 1318 1417 1380 quamvis
1435 1319 1528 1380 jam
1539 1321 1632 1364 Deo

228 1389 487 1451 adjuvante,
513 1387 713 1434 nondum
741 1397 890 1436 tamen
911 1389 1125 1449 sapientes
1147 1404 1196 1433 ac
1217 1388 1335 1433 beati
1357 1404 1523 1434 sumus.
1551 1388 1632 1434 Illa

231 1471 296 1509 cst
316 1461 449 1520 igitur
470 1459 598 1522 plena
611 1459 781 1504 satietas
795 1459 1041 1504 animorum
1056 1493 1067 1514 ‚
1083 1459 1180 1504 haec
1201 1468 1266 1504 est
1283 1458 1414 1504 beata
1429 1459 1540 1516 vita,
1559 1459 1633 1520 pie

229 1531 510 1594 perfecteque
533 1545 794 1590 cognoscere
814 1547 837 1575 a
855 1545 944 1590 quo
957 1529 1176 1575 inducaris
1197 1529 1245 1574 in
1265 1529 1519 1586 veritatem,
1544 1545 1632 1591 qua

232 1603 419 1649 veritate
447 1601 706 1663 perfruaris,
731 1616 808 1661 per
841 1599 950 1660 quid
984 1599 1255 1644 connectaris
1286 1615 1458 1645 summo
1480 1599 1627 1645 modo.

233 1677 342 1728 Quae
364 1673 444 1718 tria
466 1688 607 1716 unum
628 1675 770 1717 Deum
806 1669 1152 1730 intelligentibus
1173 1685 1397 1731 unamque
1424 1670 1628 1716 substan-

234 1747 338 1790 tiam
354 1781 364 1801 ,
382 1744 564 1789 exclusis
581 1743 846 1789 vanitatibus
861 1742 993 1788 variae
1017 1742 1333 1803 superstitionis
1345 1778 1356 1799 ,
1373 1741 1627 1788 ostendunt.

235 1818 317 1863 Hic
339 1826 477 1861 mater
499 1815 728 1875 recognitis
745 1815 888 1860 verbis
907 1831 1007 1877 quae
1024 1831 1113 1859 suae
1133 1814 1355 1859 memoriae
1372 1815 1546 1875 penitus
1569 1814 1636 1859 in-

233 1889 489 1944 haerebant,
511 1898 553 1933 et
575 1888 697 1950 quasi
728 1886 935 1947 evigilans
958 1887 1004 1931 in
1028 1886 1161 1931 fidem
1193 1903 1340 1942 suam,
1364 1903 1540 1933 versum
1577 1885 1633 1931 il-

234 1960 328 2005 lum
350 1959 581 2005 sacerdotis
602 1959 761 2004 nostri:
778 1962 895 2004 Fove
912 1968 1138 2019 precantes
1153 1994 1164 2014 ,
1182 1958 1367 2004 Trinitas
1381 1994 1392 2014 ‚
1408 1957 1508 2002 laeta
1521 1959 1635 2002 eflu-

239 2032 325 2086 dit,
353 2041 484 2092 atque
506 2030 738 2091 subjecit²;
764 2033 869 2075 Haec
892 2039 956 2074 cst
967 2028 1091 2074 nullo
1113 2030 1361 2089 ambigente
1381 2029 1510 2073 beata
1525 2029 1631 2085 vita,

239 2121 338 2166 quae
361 2103 449 2148 vita
467 2102 659 2164 perfecta
681 2110 745 2147 est
758 2138 768 2158 ,
790 2103 845 2147 ad
866 2118 1003 2163 quam
1024 2117 1102 2146 nos
1117 2102 1372 2146 festinantes
1391 2116 1514 2161 posse
1536 2116 1635 2161 pcr-

242 2175 364 2231 duci,
391 2174 528 2220 solida
556 2174 667 2231 fide,
687 2173 817 2219 alacri
853 2188 955 2236 spe,
993 2174 1205 2234 flagrante
1234 2172 1443 2220 charitate
1465 2187 1633 2234 praesu-

242 2247 453 2292 mendum
483 2255 561 2291 est.

289 2373 300 2393 ¹
320 2366 476 2402 Ambrosii
487 2367 517 2400 in
533 2366 671 2411 hymno:
687 2368 770 2401 Deus
787 2370 917 2401 creator
933 2364 1092 2402 omnium.
