1888 3168
657 174 711 200 m:
736 170 891 201 111151οΑ
915 175 1000 201 Lux.
1029 174 1087 200 vi.
1490 161 1570 200 511

178 257 197 279 »
234 237 416 299 diligere
454 237 674 284 mundum
702 258 711 284 ε
740 237 843 300 quia
871 238 1034 293 omnia,
1059 237 1228 298 quaein
1251 235 1421 282 mundo
1448 246 1574 293 sunt,

179 327 199 350 »
234 308 585 371 concupiscentia
601 309 741 354 carnis
753 317 833 366 est,
851 317 895 354 et
905 307 1259 368 eoncupiscentia
1281 306 1510 354 oculorum
1534 316 1579 352 et

180 398 200 422 »
235 379 585 427 ambitio'saeculi
610 382 639 425 ¹.
662 399 682 422 »

234 454 368 497 XLV.
396 450 482 499 Sed
514 450 654 513 qualis
685 452 765 498 tibi
797 452 931 497 homo
956 450 1159 506 videtur,
1201 450 1279 511 qui
1311 465 1463 496 omnes
1483 450 1580 497 illos

175 539 382 569 numeros
403 524 479 585 qui
502 533 605 569 sunt
627 523 683 569 de
704 540 909 585 corpore,
935 532 979 568 et
1007 522 1213 568 adversus
1235 522 1455 583 passiones
1487 538 1581 568 cor-

176 596 292 656 poris
306 631 318 650 ,
358 605 402 641 et
424 596 501 658 qui
525 613 579 642 ex
600 597 666 642 his
687 597 896 642 memoria
913 595 1223 650 continentur,
1247 610 1338 640 non
1359 593 1415 639 ad
1432 610 1582 640 carna-

174 665 263 712 lem
285 667 582 728 voluptatem⁷
612 668 689 714 sed
711 668 767 714 ad
789 669 975 714 salutem
1000 676 1171 713 tantum
1193 667 1387 727 corporis
1413 666 1546 712 refert
1568 686 1577 713 ι

176 739 535 800 omnesqueillos,
561 741 638 802 qui
656 740 711 785 de
733 739 949 801 adjunctis
967 739 1121 784 animis
1135 747 1392 799 operantur,
1413 737 1483 783 vel
1504 738 1581 799 qui

176 810 232 854 ad
254 810 554 871 adjungendas
577 821 840 868 exeruntur,
857 821 903 857 et
923 812 1001 873 qui
1018 826 1068 855 ex
1086 810 1153 855 his
1175 810 1393 855 inhaerent
1410 824 1582 854 memo-

176 881 266 938 riae,
293 897 383 926 non
397 882 453 928 ad
465 883 701 943 superbam
722 882 1027 929 excellentiam
1053 897 1194 937 suam,
1220 880 1295 927 sed
1313 880 1370 926 ad
1388 880 1582 941 ipsarum

176 953 422 998 animarum
444 954 679 1000 utilitatem
702 954 858 1014 redigit
891 974 900 1000 ;
935 952 1020 999 illis
1043 953 1194 1008 etiam,
1221 952 1300 1013 qui
1328 952 1374 998 in
1394 961 1584 1014 utroque

128 1042 133 1044 ·
177 1040 334 1084 genere
375 1027 500 1087 quasi
538 1026 834 1072 moderatores
850 1062 861 1082 ‚
900 1025 1284 1086 exploratoresque
1323 1033 1584 1069 caeterorum

130 1140 137 1149 ,
176 1098 499 1161 transeuntium
520 1097 566 1142 in
589 1114 718 1143 sensu
739 1097 977 1159 praesident
991 1133 1002 1153 ,
1030 1112 1122 1142 11011
1146 1096 1202 1141 ad
1225 1096 1494 1157 superfluam
1515 1094 1584 1140 vel

174 1168 463 1227 perniciosam
481 1169 794 1225 curiositatem,
813 1167 891 1214 sed
904 1167 960 1213 ad
974 1167 1260 1213 necessariam
1278 1167 1584 1227 probationem

174 1239 246 1284 vel
265 1240 633 1301 implobationem
655 1241 831 1286 utitur:
857 1255 1006 1284 nonne
1021 1249 1064 1283 et
1089 1239 1194 1283 istos
1206 1253 1358 1283 omnes
1380 1253 1586 1282 numeros

110 1362 115 1368 .
175 1311 299 1370 agit,
323 1320 367 1355 et
388 1310 520 1356 nullis
544 1327 696 1356 eorum
718 1310 886 1371 laqueis
910 1308 1189 1369 implicatur?
1211 1307 1584 1370 Quandoquidem

176 1389 220 1425 et
241 1380 427 1425 salutem
450 1397 606 1442 colpoi
609 1397 643 1426 is
661 1390 711 1426 ut
730 1397 821 1426 non
842 1379 1109 1440 impediatur
1131 1378 1268 1439 eligit
1288 1388 1332 1424 et
1349 1394 1499 1425 omnes
1515 1395 1586 1423 eas

177 1452 368 1511 actiones
381 1451 437 1497 ad
448 1452 682 1498 utilitatem
702 1451 887 1513 proximi
898 1459 1089 1507 revocat,
1115 1466 1249 1512 quem
1263 1459 1444 1511 propter
1460 1465 1585 1496 com—

175 1523 321 1569 munis
333 1523 444 1585 juris
465 1523 665 1570 naturale
688 1523 917 1569 vinculum
933 1532 1145 1583 tanquam
1168 1538 1212 1567 se
1232 1522 1375 1583 ipsum
1401 1521 1584 1581 diligere

169 1595 313 1656 jussus
331 1604 408 1641 est.
436 1598 488 1640 D
513 1598 723 1656 Magnum
743 1593 981 1656 quemdam
1003 1594 1147 1640 virum
1170 1603 1215 1639 et
1231 1609 1335 1639 vere
1357 1593 1586 1639 humanis-

175 1666 335 1713 simum
352 1667 581 1728 piaedicas.

235 1740 393 1784 XLVI.
419 1741 481 1785 Μ
502 1741 600 1785 Non
621 1737 754 1797 igitur
781 1736 970 1793 numeri,
994 1736 1073 1798 qui
1100 1744 1204 1781 511111
1226 1734 1344 1781 infra
1372 1736 1586 1782 rationem

176 1819 220 1855 et
241 1809 288 1855 in
308 1825 387 1856 suo
409 1825 568 1870 genere
571 1807 759 1870 pulchri
778 1818 896 1865 sunt,
914 1807 990 1854 sed
1006 1822 1127 1853 amor
1146 1806 1366 1853 inferioiis
1388 1805 1558 1868 pulch1
1549 1824 1587 1851 l-

176 1880 340 1927 tudinis
353 1882 540 1930 animam
559 1880 719 1943 polluit
735 1900 744 1927 z
759 1896 859 1942 quae
870 1895 974 1926 cum
986 1879 1034 1925 in
1046 1878 1121 1925 illa
1143 1895 1235 1924 non
1255 1877 1390 1925 modo
1403 1878 1587 1941 aequali-

176 1962 328 2010 tatem,
355 1952 409 1998 de
448 1969 536 2014 qua
558 1968 639 2013 pro
664 1961 866 2012 suscepto
888 1967 1019 2012 opere
1049 1951 1152 1997 satis
1181 1950 1356 1996 dictum
1386 1959 1476 2006 est,
1509 1949 1587 1996 sed

177 2024 309 2077 etiam
337 2024 538 2070 ordinem
575 2022 751 2083 diligat,
782 2023 923 2068 amisit
952 2024 1044 2084 ipsa
1073 2022 1278 2069 ordinem
1303 2037 1459 2081 suum3
1505 2037 1586 2066 nec

178 2106 325 2143 tamen
347 2098 527 2143 excessit
549 2095 750 2142 ordinem
771 2111 917 2140 rerum
932 2131 943 2152 ,
975 2095 1339 2157 quandoquidem
1359 2094 1418 2139 ibi
1457 2103 1521 2139 est
1544 2103 1588 2138 et

178 2168 238 2213 ita
266 2178 351 2225 est,
382 2168 461 2213 ubi
483 2183 573 2212 esse
607 2176 650 2211 et
677 2165 902 2228 quomodo
931 2182 1021 2212 esse
1048 2166 1182 2223 tales,
1214 2165 1585 2212 ordinatissimum

179 2249 258 2285 est.
284 2239 420 2286 Aliud
442 2239 560 2284 enim
582 2247 646 2284 est
671 2237 1066 2295 tenereordineni,
1097 2237 1219 2282 aliud
1246 2236 1399 2283 ordine
1427 2236 1580 2282 teneri.

182 2313 319 2357 Tenet
341 2310 562 2367 ordinem,
583 2326 627 2355 se
649 2311 740 2370 ipsa
762 2318 853 2355 tota
875 2308 1061 2370 diligens
1083 2308 1204 2371 quod
1227 2324 1358 2370 supra
1381 2324 1425 2354 se
1439 2318 1518 2364 est,
1539 2307 1585 2352 id

181 2392 245 2428 cst
266 2386 428 2438 Deum,
455 2383 588 2428 socias
611 2390 757 2427 autem
796 2381 960 2427 animas
988 2390 1198 2443 tanquam
1231 2397 1276 2426 se
1309 2381 1461 2442 ipsam.
1493 2382 1584 2424 Hac

181 2455 345 2516 quippe
367 2454 611 2501 dilectionis
638 2454 799 2500 virtute
830 2452 1033 2500 inferiora
1061 2454 1257 2509 ordinat,
1283 2470 1365 2500 nec
1388 2453 1445 2499 ab
1468 2452 1582 2497 inlc-

232 2550 238 2566 ¹
269 2555 279 2575 1
297 2545 388 2575 Joan.
412 2553 452 2585 11,
473 2541 527 2576 23.
