<?xml version="1.0" encoding="UTF-8"?>
<!DOCTYPE html PUBLIC "-//W3C//DTD XHTML 1.0 Transitional//EN"
    "http://www.w3.org/TR/xhtml1/DTD/xhtml1-transitional.dtd">
<html xmlns="http://www.w3.org/1999/xhtml" xml:lang="en" lang="en">
 <head>
  <title>
</title>
<meta http-equiv="Content-Type" content="text/html;charset=utf-8" />
  <meta name='ocr-system' content='tesseract 3.04.00' />
  <meta name='ocr-capabilities' content='ocr_page ocr_carea ocr_par ocr_line ocrx_word'/>
</head>
<body>
  <div class='ocr_page' id='page_1' title='image "./operaomniaaccura01auguuoft_0304.png"; bbox 0 0 1888 3168; ppageno 0'>
   <div class='ocr_carea' id='block_1_1' title="bbox 322 189 1269 230">
    <p class='ocr_par' dir='ltr' id='par_1_1' title="bbox 322 189 1269 230">
     <span class='ocr_line' id='line_1_1' title="bbox 322 189 1269 230; baseline 0 -1"><span class='ocrx_word' id='word_1_1' title='bbox 322 189 404 229; x_wconf 65' lang='grc'>294</span> <span class='ocrx_word' id='word_1_2' title='bbox 753 203 786 228; x_wconf 88' lang='lat' dir='ltr'>s.</span> <span class='ocrx_word' id='word_1_3' title='bbox 825 200 1054 229; x_wconf 64' lang='lat' dir='ltr'>Atotsrim</span> <span class='ocrx_word' id='word_1_4' title='bbox 1090 203 1269 230; x_wconf 81' lang='lat' dir='ltr'><strong>EPISCOPI</strong></span> 
     </span>
    </p>
   </div>
   <div class='ocr_carea' id='block_1_2' title="bbox 314 267 1755 2600">
    <p class='ocr_par' dir='ltr' id='par_1_2' title="bbox 314 267 1755 2600">
     <span class='ocr_line' id='line_1_2' title="bbox 395 267 1707 317; baseline 0.005 -7"><span class='ocrx_word' id='word_1_5' title='bbox 395 269 598 310; x_wconf 69' lang='lat' dir='ltr'>xm&#39;lll.</span> <span class='ocrx_word' id='word_1_6' title='bbox 636 269 761 312; x_wconf 79' lang='lat' dir='ltr'>Nunc.</span> <span class='ocrx_word' id='word_1_7' title='bbox 793 277 999 312; x_wconf 80' lang='lat' dir='ltr'>converte.</span> <span class='ocrx_word' id='word_1_8' title='bbox 1032 268 1224 312; x_wconf 84' lang='lat' dir='ltr'>animum</span> <span class='ocrx_word' id='word_1_9' title='bbox 1254 267 1310 313; x_wconf 87' lang='lat' dir='ltr'>ad</span> <span class='ocrx_word' id='word_1_10' title='bbox 1339 268 1458 314; x_wconf 84' lang='lat' dir='ltr'>illam</span> <span class='ocrx_word' id='word_1_11' title='bbox 1488 270 1707 317; x_wconf 89' lang='lat' dir='ltr'>definitio-</span> 
     </span>
     <span class='ocr_line' id='line_1_3' title="bbox 319 338 1703 401; baseline 0.004 -19"><span class='ocrx_word' id='word_1_12' title='bbox 319 354 421 382; x_wconf 91' lang='lat' dir='ltr'>nem</span> <span class='ocrx_word' id='word_1_13' title='bbox 442 347 655 393; x_wconf 81' lang='lat' dir='ltr'>nostram,</span> <span class='ocrx_word' id='word_1_14' title='bbox 689 347 734 382; x_wconf 86' lang='lat' dir='ltr'>et</span> <span class='ocrx_word' id='word_1_15' title='bbox 758 353 852 382; x_wconf 84' lang='lat' dir='ltr'>eam</span> <span class='ocrx_word' id='word_1_16' title='bbox 887 338 1062 397; x_wconf 80' lang='lat' dir='ltr'>peritior</span> <span class='ocrx_word' id='word_1_17' title='bbox 1094 354 1195 382; x_wconf 91' lang='grc'><strong>011111</strong></span> <span class='ocrx_word' id='word_1_18' title='bbox 1225 338 1472 385; x_wconf 82' lang='lat' dir='ltr'><strong>discusseris</strong></span> <span class='ocrx_word' id='word_1_19' title='bbox 1500 342 1667 401; x_wconf 83' lang='lat' dir='ltr'>corrige</span> <span class='ocrx_word' id='word_1_20' title='bbox 1693 362 1703 388; x_wconf 78' lang='lat' dir='ltr'>z</span> 
     </span>
     <span class='ocr_line' id='line_1_4' title="bbox 316 408 1706 466; baseline 0.003 -14"><span class='ocrx_word' id='word_1_21' title='bbox 316 409 622 453; x_wconf 79' lang='lat' dir='ltr'>inveneramus</span> <span class='ocrx_word' id='word_1_22' title='bbox 646 408 760 452; x_wconf 89' lang='lat' dir='ltr'>enim</span> <span class='ocrx_word' id='word_1_23' title='bbox 779 424 895 463; x_wconf 85' lang='lat' dir='ltr'>eam,</span> <span class='ocrx_word' id='word_1_24' title='bbox 922 423 1022 452; x_wconf 90' lang='lat' dir='ltr'>cum</span> <span class='ocrx_word' id='word_1_25' title='bbox 1040 408 1226 454; x_wconf 89' lang='lat' dir='ltr'>difinitio</span> <span class='ocrx_word' id='word_1_26' title='bbox 1248 425 1396 455; x_wconf 87' lang='lat' dir='ltr'>sensus</span> <span class='ocrx_word' id='word_1_27' title='bbox 1420 420 1552 466; x_wconf 87' lang='lat' dir='ltr'>esset,</span> <span class='ocrx_word' id='word_1_28' title='bbox 1584 427 1706 456; x_wconf 90' lang='lat' dir='ltr'>com-</span> 
     </span>
     <span class='ocr_line' id='line_1_5' title="bbox 317 479 1708 540; baseline 0.002 -16"><span class='ocrx_word' id='word_1_29' title='bbox 317 479 448 540; x_wconf 81' lang='lat' dir='ltr'>plecti</span> <span class='ocrx_word' id='word_1_30' title='bbox 468 479 587 523; x_wconf 86' lang='lat' dir='ltr'>aliud</span> <span class='ocrx_word' id='word_1_31' title='bbox 604 479 724 540; x_wconf 87' lang='lat' dir='ltr'>quod</span> <span class='ocrx_word' id='word_1_32' title='bbox 745 494 890 525; x_wconf 83' lang='lat' dir='ltr'>sensus</span> <span class='ocrx_word' id='word_1_33' title='bbox 915 495 1005 523; x_wconf 88' lang='lat' dir='ltr'>non</span> <span class='ocrx_word' id='word_1_34' title='bbox 1027 489 1156 535; x_wconf 88' lang='lat' dir='ltr'>esset,</span> <span class='ocrx_word' id='word_1_35' title='bbox 1185 489 1227 524; x_wconf 89' lang='lat' dir='ltr'>et</span> <span class='ocrx_word' id='word_1_36' title='bbox 1250 479 1349 527; x_wconf 94' lang='lat' dir='ltr'>ideo</span> <span class='ocrx_word' id='word_1_37' title='bbox 1375 497 1467 526; x_wconf 92' lang='lat' dir='ltr'>non</span> <span class='ocrx_word' id='word_1_38' title='bbox 1494 497 1584 526; x_wconf 91' lang='lat' dir='ltr'>esse</span> <span class='ocrx_word' id='word_1_39' title='bbox 1605 498 1708 527; x_wconf 89' lang='lat' dir='ltr'>cum</span> 
     </span>
     <span class='ocr_line' id='line_1_6' title="bbox 319 552 1709 610; baseline 0.001 -12"><span class='ocrx_word' id='word_1_40' title='bbox 319 552 587 598; x_wconf 82' lang='lat' dir='ltr'>convertitur</span> <span class='ocrx_word' id='word_1_41' title='bbox 599 568 761 596; x_wconf 79' lang='lat' dir='ltr'>veram.</span> <span class='ocrx_word' id='word_1_42' title='bbox 780 554 977 596; x_wconf 78' lang='lat' dir='ltr'>Fortasse</span> <span class='ocrx_word' id='word_1_43' title='bbox 992 552 1108 596; x_wconf 90' lang='lat' dir='ltr'>enim</span> <span class='ocrx_word' id='word_1_44' title='bbox 1120 568 1273 598; x_wconf 90' lang='lat' dir='ltr'>verum</span> <span class='ocrx_word' id='word_1_45' title='bbox 1291 563 1376 610; x_wconf 90' lang='lat' dir='ltr'>est,</span> <span class='ocrx_word' id='word_1_46' title='bbox 1393 555 1545 600; x_wconf 88' lang='lat' dir='ltr'>Omnis</span> <span class='ocrx_word' id='word_1_47' title='bbox 1558 570 1709 599; x_wconf 89' lang='lat' dir='ltr'>sensus</span> 
     </span>
     <span class='ocr_line' id='line_1_7' title="bbox 317 622 1705 684; baseline 0.003 -18"><span class='ocrx_word' id='word_1_48' title='bbox 317 624 457 684; x_wconf 83' lang='lat' dir='ltr'>passio</span> <span class='ocrx_word' id='word_1_49' title='bbox 483 623 674 683; x_wconf 86' lang='lat' dir='ltr'>corporis</span> <span class='ocrx_word' id='word_1_50' title='bbox 707 632 769 667; x_wconf 79' lang='lat' dir='ltr'>cst</span> <span class='ocrx_word' id='word_1_51' title='bbox 797 623 987 667; x_wconf 88' lang='lat' dir='ltr'>animam</span> <span class='ocrx_word' id='word_1_52' title='bbox 1023 639 1113 668; x_wconf 85' lang='lat' dir='ltr'>non</span> <span class='ocrx_word' id='word_1_53' title='bbox 1147 622 1310 682; x_wconf 78' lang='lat' dir='ltr'>latens3</span> <span class='ocrx_word' id='word_1_54' title='bbox 1340 634 1391 670; x_wconf 91' lang='lat' dir='ltr'>ut</span> <span class='ocrx_word' id='word_1_55' title='bbox 1420 640 1574 670; x_wconf 90' lang='lat' dir='ltr'>verum</span> <span class='ocrx_word' id='word_1_56' title='bbox 1612 634 1705 681; x_wconf 87' lang='lat' dir='ltr'>est,</span> 
     </span>
     <span class='ocr_line' id='line_1_8' title="bbox 317 693 1709 751; baseline 0.002 -13"><span class='ocrx_word' id='word_1_57' title='bbox 317 694 469 739; x_wconf 88' lang='lat' dir='ltr'>Omnis</span> <span class='ocrx_word' id='word_1_58' title='bbox 490 695 624 739; x_wconf 90' lang='lat' dir='ltr'>homo</span> <span class='ocrx_word' id='word_1_59' title='bbox 647 693 805 738; x_wconf 81' lang='lat' dir='ltr'>animal</span> <span class='ocrx_word' id='word_1_60' title='bbox 826 693 1010 738; x_wconf 82' lang='lat' dir='ltr'>mortale</span> <span class='ocrx_word' id='word_1_61' title='bbox 1030 703 1094 739; x_wconf 89' lang='lat' dir='ltr'>est</span> <span class='ocrx_word' id='word_1_62' title='bbox 1118 714 1128 740; x_wconf 89' lang='lat'>:</span> <span class='ocrx_word' id='word_1_63' title='bbox 1154 704 1199 739; x_wconf 85' lang='lat' dir='ltr'>at</span> <span class='ocrx_word' id='word_1_64' title='bbox 1219 704 1269 740; x_wconf 92' lang='lat' dir='ltr'>ut</span> <span class='ocrx_word' id='word_1_65' title='bbox 1284 694 1442 740; x_wconf 84' lang='lat' dir='ltr'>falsum</span> <span class='ocrx_word' id='word_1_66' title='bbox 1460 705 1524 741; x_wconf 92' lang='lat' dir='ltr'>est</span> <span class='ocrx_word' id='word_1_67' title='bbox 1538 731 1549 751; x_wconf 93' lang='lat'>,</span> <span class='ocrx_word' id='word_1_68' title='bbox 1566 697 1709 741; x_wconf 85' lang='lat' dir='ltr'>Omne</span> 
     </span>
     <span class='ocr_line' id='line_1_9' title="bbox 320 764 1709 825; baseline 0 -14"><span class='ocrx_word' id='word_1_69' title='bbox 320 764 481 811; x_wconf 84' lang='lat' dir='ltr'>animal</span> <span class='ocrx_word' id='word_1_70' title='bbox 504 764 684 810; x_wconf 84' lang='lat' dir='ltr'>m&#39;ortale</span> <span class='ocrx_word' id='word_1_71' title='bbox 707 765 839 809; x_wconf 91' lang='lat' dir='ltr'>homo</span> <span class='ocrx_word' id='word_1_72' title='bbox 855 774 918 809; x_wconf 91' lang='lat' dir='ltr'>est</span> <span class='ocrx_word' id='word_1_73' title='bbox 933 801 944 820; x_wconf 88' lang='lat'>,</span> <span class='ocrx_word' id='word_1_74' title='bbox 959 765 1062 825; x_wconf 88' lang='lat' dir='ltr'>quia</span> <span class='ocrx_word' id='word_1_75' title='bbox 1079 765 1125 810; x_wconf 94' lang='lat' dir='ltr'>id</span> <span class='ocrx_word' id='word_1_76' title='bbox 1137 775 1201 810; x_wconf 90' lang='lat' dir='ltr'>est</span> <span class='ocrx_word' id='word_1_77' title='bbox 1222 774 1266 810; x_wconf 86' lang='lat' dir='ltr'>et</span> <span class='ocrx_word' id='word_1_78' title='bbox 1287 766 1452 824; x_wconf 77' lang='lat' dir='ltr'>bestia3</span> <span class='ocrx_word' id='word_1_79' title='bbox 1475 767 1535 811; x_wconf 88' lang='lat' dir='ltr'>ita</span> <span class='ocrx_word' id='word_1_80' title='bbox 1548 765 1709 811; x_wconf 87' lang='lat' dir='ltr'>falsum</span> 
     </span>
     <span class='ocr_line' id='line_1_10' title="bbox 317 837 1705 897; baseline 0.001 -16"><span class='ocrx_word' id='word_1_81' title='bbox 317 846 403 892; x_wconf 85' lang='lat' dir='ltr'>est,</span> <span class='ocrx_word' id='word_1_82' title='bbox 427 837 578 881; x_wconf 87' lang='lat' dir='ltr'>Omnis</span> <span class='ocrx_word' id='word_1_83' title='bbox 595 837 734 897; x_wconf 79' lang='lat' dir='ltr'>passio</span> <span class='ocrx_word' id='word_1_84' title='bbox 755 837 946 896; x_wconf 85' lang='lat' dir='ltr'>corporis</span> <span class='ocrx_word' id='word_1_85' title='bbox 964 853 1055 882; x_wconf 91' lang='lat' dir='ltr'>non</span> <span class='ocrx_word' id='word_1_86' title='bbox 1073 837 1211 882; x_wconf 88' lang='lat' dir='ltr'>latens</span> <span class='ocrx_word' id='word_1_87' title='bbox 1225 837 1420 882; x_wconf 87' lang='lat' dir='ltr'>animam</span> <span class='ocrx_word' id='word_1_88' title='bbox 1435 872 1446 894; x_wconf 90' lang='lat'>,</span> <span class='ocrx_word' id='word_1_89' title='bbox 1462 853 1611 883; x_wconf 89' lang='lat' dir='ltr'>sensus</span> <span class='ocrx_word' id='word_1_90' title='bbox 1625 847 1705 893; x_wconf 85' lang='lat' dir='ltr'>est,</span> 
     </span>
     <span class='ocr_line' id='line_1_11' title="bbox 317 908 1710 969; baseline 0 -17"><span class='ocrx_word' id='word_1_91' title='bbox 317 909 420 969; x_wconf 89' lang='lat' dir='ltr'>quia</span> <span class='ocrx_word' id='word_1_92' title='bbox 441 925 559 953; x_wconf 87' lang='lat' dir='ltr'>nunc</span> <span class='ocrx_word' id='word_1_93' title='bbox 587 909 714 954; x_wconf 86' lang='lat' dir='ltr'>nobis</span> <span class='ocrx_word' id='word_1_94' title='bbox 736 924 903 967; x_wconf 82' lang='lat' dir='ltr'>ungues</span> <span class='ocrx_word' id='word_1_95' title='bbox 926 918 1148 964; x_wconf 86' lang='lat' dir='ltr'>crescunt,</span> <span class='ocrx_word' id='word_1_96' title='bbox 1183 924 1264 953; x_wconf 90' lang='lat' dir='ltr'>nec</span> <span class='ocrx_word' id='word_1_97' title='bbox 1291 908 1483 954; x_wconf 89' lang='lat' dir='ltr'>animam</span> <span class='ocrx_word' id='word_1_98' title='bbox 1503 908 1631 964; x_wconf 89' lang='lat' dir='ltr'>latet,</span> <span class='ocrx_word' id='word_1_99' title='bbox 1662 908 1710 952; x_wconf 88' lang='lat' dir='ltr'>id</span> 
     </span>
     <span class='ocr_line' id='line_1_12' title="bbox 318 980 1710 1041; baseline 0.001 -18"><span class='ocrx_word' id='word_1_100' title='bbox 318 980 435 1023; x_wconf 89' lang='grc'><strong>0111111</strong></span> <span class='ocrx_word' id='word_1_101' title='bbox 447 995 619 1035; x_wconf 85' lang='grc'><strong>501111115,</strong></span> <span class='ocrx_word' id='word_1_102' title='bbox 636 996 779 1041; x_wconf 82' lang='lat' dir='ltr'>neque</span> <span class='ocrx_word' id='word_1_103' title='bbox 794 980 840 1025; x_wconf 91' lang='lat' dir='ltr'>id</span> <span class='ocrx_word' id='word_1_104' title='bbox 856 980 1080 1035; x_wconf 83' lang='lat' dir='ltr'>sentimus,</span> <span class='ocrx_word' id='word_1_105' title='bbox 1097 980 1174 1025; x_wconf 89' lang='lat' dir='ltr'>sed</span> <span class='ocrx_word' id='word_1_106' title='bbox 1190 981 1507 1041; x_wconf 85' lang='lat' dir='ltr'>conjectatione</span> <span class='ocrx_word' id='word_1_107' title='bbox 1523 995 1710 1038; x_wconf 84' lang='lat' dir='ltr'>cognos-</span> 
     </span>
     <span class='ocr_line' id='line_1_13' title="bbox 317 1050 1712 1110; baseline 0 -15"><span class='ocrx_word' id='word_1_108' title='bbox 317 1051 470 1095; x_wconf 86' lang='lat' dir='ltr'>cimus.</span> <span class='ocrx_word' id='word_1_109' title='bbox 505 1051 889 1104; x_wconf 82' lang='lat' dir='ltr'>Quemadmodum</span> <span class='ocrx_word' id='word_1_110' title='bbox 922 1067 1024 1110; x_wconf 83' lang='lat' dir='ltr'>ergo</span> <span class='ocrx_word' id='word_1_111' title='bbox 1054 1050 1116 1096; x_wconf 91' lang='lat' dir='ltr'>illi</span> <span class='ocrx_word' id='word_1_112' title='bbox 1138 1050 1383 1096; x_wconf 88' lang='lat' dir='ltr'>definitioni</span> <span class='ocrx_word' id='word_1_113' title='bbox 1407 1051 1623 1106; x_wconf 85' lang='lat' dir='ltr'>hominis,</span> <span class='ocrx_word' id='word_1_114' title='bbox 1660 1060 1712 1095; x_wconf 89' lang='lat' dir='ltr'>ut</span> 
     </span>
     <span class='ocr_line' id='line_1_14' title="bbox 317 1121 1707 1183; baseline 0 -18"><span class='ocrx_word' id='word_1_115' title='bbox 317 1122 620 1181; x_wconf 83' lang='lat' dir='ltr'>perficeretur,</span> <span class='ocrx_word' id='word_1_116' title='bbox 656 1121 856 1166; x_wconf 88' lang='lat' dir='ltr'>additum</span> <span class='ocrx_word' id='word_1_117' title='bbox 885 1132 948 1166; x_wconf 90' lang='lat' dir='ltr'>est</span> <span class='ocrx_word' id='word_1_118' title='bbox 975 1122 1207 1178; x_wconf 79' lang='lat' dir='ltr'>rationale,</span> <span class='ocrx_word' id='word_1_119' title='bbox 1239 1139 1329 1183; x_wconf 90' lang='lat' dir='ltr'>quo</span> <span class='ocrx_word' id='word_1_120' title='bbox 1357 1121 1506 1167; x_wconf 90' lang='lat' dir='ltr'>addito</span> <span class='ocrx_word' id='word_1_121' title='bbox 1536 1122 1707 1176; x_wconf 89' lang='lat' dir='ltr'>bestiae,</span> 
     </span>
     <span class='ocr_line' id='line_1_15' title="bbox 319 1192 1712 1254; baseline -0.001 -16"><span class='ocrx_word' id='word_1_122' title='bbox 319 1210 419 1253; x_wconf 83' lang='lat' dir='ltr'>quae</span> <span class='ocrx_word' id='word_1_123' title='bbox 443 1192 573 1238; x_wconf 88' lang='lat' dir='ltr'>simul</span> <span class='ocrx_word' id='word_1_124' title='bbox 595 1193 956 1249; x_wconf 83' lang='lat' dir='ltr'>continebantur,</span> <span class='ocrx_word' id='word_1_125' title='bbox 981 1193 1164 1238; x_wconf 69' lang='lat' dir='ltr'>exclusae</span> <span class='ocrx_word' id='word_1_126' title='bbox 1182 1203 1309 1249; x_wconf 89' lang='lat' dir='ltr'>sunt,</span> <span class='ocrx_word' id='word_1_127' title='bbox 1334 1193 1534 1254; x_wconf 90' lang='lat' dir='ltr'>nihilque</span> <span class='ocrx_word' id='word_1_128' title='bbox 1553 1201 1712 1253; x_wconf 85' lang='lat' dir='ltr'>praeter</span> 
     </span>
     <span class='ocr_line' id='line_1_16' title="bbox 318 1263 1712 1324; baseline -0.001 -17"><span class='ocrx_word' id='word_1_129' title='bbox 318 1264 563 1319; x_wconf 83' lang='lat' dir='ltr'>hominem,</span> <span class='ocrx_word' id='word_1_130' title='bbox 596 1273 727 1324; x_wconf 88' lang='lat' dir='ltr'>atque</span> <span class='ocrx_word' id='word_1_131' title='bbox 750 1279 926 1308; x_wconf 92' lang='lat' dir='ltr'>omnem</span> <span class='ocrx_word' id='word_1_132' title='bbox 946 1265 1172 1309; x_wconf 89' lang='lat' dir='ltr'>hominem</span> <span class='ocrx_word' id='word_1_133' title='bbox 1205 1263 1283 1309; x_wconf 88' lang='lat' dir='ltr'>tali</span> <span class='ocrx_word' id='word_1_134' title='bbox 1312 1263 1567 1308; x_wconf 81' lang='lat' dir='ltr'>definitione</span> <span class='ocrx_word' id='word_1_135' title='bbox 1587 1278 1712 1308; x_wconf 90' lang='lat' dir='ltr'>com-</span> 
     </span>
     <span class='ocr_line' id='line_1_17' title="bbox 319 1333 1714 1396; baseline -0.001 -17"><span class='ocrx_word' id='word_1_136' title='bbox 319 1334 632 1396; x_wconf 83' lang='lat' dir='ltr'>prehendimus</span> <span class='ocrx_word' id='word_1_137' title='bbox 645 1372 655 1391; x_wconf 87' lang='lat'>,</span> <span class='ocrx_word' id='word_1_138' title='bbox 676 1351 823 1380; x_wconf 90' lang='lat' dir='ltr'>nonne</span> <span class='ocrx_word' id='word_1_139' title='bbox 844 1351 990 1379; x_wconf 84' lang='lat' dir='ltr'>censes</span> <span class='ocrx_word' id='word_1_140' title='bbox 1010 1335 1178 1395; x_wconf 89' lang='lat' dir='ltr'>aliquid</span> <span class='ocrx_word' id='word_1_141' title='bbox 1199 1336 1330 1381; x_wconf 89' lang='lat' dir='ltr'>etiam</span> <span class='ocrx_word' id='word_1_142' title='bbox 1341 1335 1444 1379; x_wconf 91' lang='grc'><strong>111110</strong></span> <span class='ocrx_word' id='word_1_143' title='bbox 1461 1333 1714 1379; x_wconf 84' lang='lat' dir='ltr'>addendum</span> 
     </span>
     <span class='ocr_line' id='line_1_18' title="bbox 319 1404 1712 1467; baseline -0.001 -16"><span class='ocrx_word' id='word_1_144' title='bbox 319 1423 430 1462; x_wconf 88' lang='lat' dir='ltr'>esse,</span> <span class='ocrx_word' id='word_1_145' title='bbox 456 1423 545 1467; x_wconf 85' lang='lat' dir='ltr'>quo</span> <span class='ocrx_word' id='word_1_146' title='bbox 568 1406 669 1450; x_wconf 88' lang='lat' dir='ltr'>inde</span> <span class='ocrx_word' id='word_1_147' title='bbox 690 1409 942 1467; x_wconf 82' lang='lat' dir='ltr'>sejungatur</span> <span class='ocrx_word' id='word_1_148' title='bbox 963 1405 1084 1467; x_wconf 88' lang='lat' dir='ltr'>quod</span> <span class='ocrx_word' id='word_1_149' title='bbox 1097 1414 1217 1450; x_wconf 87' lang='lat' dir='ltr'>tenet</span> <span class='ocrx_word' id='word_1_150' title='bbox 1238 1404 1452 1459; x_wconf 89' lang='lat' dir='ltr'>alienum,</span> <span class='ocrx_word' id='word_1_151' title='bbox 1477 1420 1558 1448; x_wconf 86' lang='lat' dir='ltr'>nec</span> <span class='ocrx_word' id='word_1_152' title='bbox 1580 1405 1712 1465; x_wconf 89' lang='lat' dir='ltr'>quid-</span> 
     </span>
     <span class='ocr_line' id='line_1_19' title="bbox 318 1475 1708 1538; baseline -0.001 -16"><span class='ocrx_word' id='word_1_153' title='bbox 318 1494 451 1538; x_wconf 83' lang='lat' dir='ltr'>quam</span> <span class='ocrx_word' id='word_1_154' title='bbox 473 1478 519 1522; x_wconf 91' lang='lat' dir='ltr'>in</span> <span class='ocrx_word' id='word_1_155' title='bbox 539 1494 587 1522; x_wconf 89' lang='lat' dir='ltr'>ea</span> <span class='ocrx_word' id='word_1_156' title='bbox 610 1478 691 1522; x_wconf 91' lang='lat' dir='ltr'>nisi</span> <span class='ocrx_word' id='word_1_157' title='bbox 713 1493 861 1522; x_wconf 91' lang='grc'><strong>56115115</strong></span> <span class='ocrx_word' id='word_1_158' title='bbox 881 1513 892 1533; x_wconf 88' lang='lat'>,</span> <span class='ocrx_word' id='word_1_159' title='bbox 922 1487 965 1521; x_wconf 88' lang='lat' dir='ltr'>et</span> <span class='ocrx_word' id='word_1_160' title='bbox 994 1477 1135 1521; x_wconf 89' lang='lat' dir='ltr'>omnis</span> <span class='ocrx_word' id='word_1_161' title='bbox 1157 1491 1305 1521; x_wconf 90' lang='lat' dir='ltr'>sensus</span> <span class='ocrx_word' id='word_1_162' title='bbox 1334 1475 1634 1534; x_wconf 77' lang='lat' dir='ltr'>intelligatur?</span> <span class='ocrx_word' id='word_1_163' title='bbox 1655 1477 1708 1520; x_wconf 90' lang='lat' dir='ltr'>E.</span> 
     </span>
     <span class='ocr_line' id='line_1_20' title="bbox 318 1548 1714 1609; baseline -0.001 -15"><span class='ocrx_word' id='word_1_164' title='bbox 318 1553 486 1596; x_wconf 88' lang='lat' dir='ltr'>Censeo</span> <span class='ocrx_word' id='word_1_165' title='bbox 507 1548 687 1609; x_wconf 88' lang='lat' dir='ltr'>quidem</span> <span class='ocrx_word' id='word_1_166' title='bbox 699 1585 710 1605; x_wconf 90' lang='lat'>,</span> <span class='ocrx_word' id='word_1_167' title='bbox 736 1549 812 1593; x_wconf 87' lang='lat' dir='ltr'>sed</span> <span class='ocrx_word' id='word_1_168' title='bbox 824 1549 933 1609; x_wconf 91' lang='lat' dir='ltr'>quid</span> <span class='ocrx_word' id='word_1_169' title='bbox 949 1548 1052 1593; x_wconf 91' lang='lat' dir='ltr'>addi</span> <span class='ocrx_word' id='word_1_170' title='bbox 1072 1549 1385 1608; x_wconf 81' lang='lat' dir='ltr'>possitignoro.</span> <span class='ocrx_word' id='word_1_171' title='bbox 1403 1552 1456 1592; x_wconf 85' lang='grc' dir='ltr'>Α.</span> <span class='ocrx_word' id='word_1_172' title='bbox 1475 1550 1633 1593; x_wconf 90' lang='lat' dir='ltr'>Sensus</span> <span class='ocrx_word' id='word_1_173' title='bbox 1649 1557 1714 1592; x_wconf 86' lang='lat' dir='ltr'>est</span> 
     </span>
     <span class='ocr_line' id='line_1_21' title="bbox 320 1618 1714 1679; baseline -0.001 -15"><span class='ocrx_word' id='word_1_174' title='bbox 320 1630 437 1665; x_wconf 90' lang='lat' dir='ltr'>certe</span> <span class='ocrx_word' id='word_1_175' title='bbox 454 1621 592 1664; x_wconf 90' lang='lat' dir='ltr'>omnis</span> <span class='ocrx_word' id='word_1_176' title='bbox 609 1620 749 1679; x_wconf 89' lang='lat' dir='ltr'>passio</span> <span class='ocrx_word' id='word_1_177' title='bbox 772 1619 962 1679; x_wconf 86' lang='lat' dir='ltr'>corporis</span> <span class='ocrx_word' id='word_1_178' title='bbox 984 1635 1075 1663; x_wconf 90' lang='lat' dir='ltr'>non</span> <span class='ocrx_word' id='word_1_179' title='bbox 1091 1618 1232 1662; x_wconf 90' lang='lat' dir='ltr'>latens</span> <span class='ocrx_word' id='word_1_180' title='bbox 1257 1619 1448 1664; x_wconf 81' lang='lat' dir='ltr'>animam</span> <span class='ocrx_word' id='word_1_181' title='bbox 1472 1633 1482 1660; x_wconf 90' lang='lat'><strong>:</strong></span> <span class='ocrx_word' id='word_1_182' title='bbox 1509 1618 1585 1662; x_wconf 93' lang='lat' dir='ltr'>sed</span> <span class='ocrx_word' id='word_1_183' title='bbox 1605 1633 1714 1662; x_wconf 90' lang='lat' dir='ltr'>con-</span> 
     </span>
     <span class='ocr_line' id='line_1_22' title="bbox 318 1687 1755 1751; baseline 0 -16"><span class='ocrx_word' id='word_1_184' title='bbox 318 1691 430 1736; x_wconf 88' lang='lat' dir='ltr'>verti</span> <span class='ocrx_word' id='word_1_185' title='bbox 447 1706 537 1735; x_wconf 90' lang='lat' dir='ltr'>non</span> <span class='ocrx_word' id='word_1_186' title='bbox 554 1700 699 1751; x_wconf 87' lang='lat' dir='ltr'>potest</span> <span class='ocrx_word' id='word_1_187' title='bbox 719 1691 813 1734; x_wconf 81' lang='lat' dir='ltr'>haec</span> <span class='ocrx_word' id='word_1_188' title='bbox 837 1689 1104 1744; x_wconf 79' lang='lat' dir='ltr'>enuntiatio,</span> <span class='ocrx_word' id='word_1_189' title='bbox 1129 1698 1309 1748; x_wconf 84' lang='lat' dir='ltr'>propter</span> <span class='ocrx_word' id='word_1_190' title='bbox 1330 1688 1576 1749; x_wconf 87' lang='lat' dir='ltr'>passionem</span> <span class='ocrx_word' id='word_1_191' title='bbox 1593 1687 1715 1733; x_wconf 88' lang='lat' dir='ltr'>illam</span> <span class='ocrx_word' id='word_1_192' title='bbox 1752 1734 1755 1735; x_wconf 12' lang='lat' dir='ltr'>a</span> 
     </span>
     <span class='ocr_line' id='line_1_23' title="bbox 320 1759 1717 1822; baseline -0.002 -14"><span class='ocrx_word' id='word_1_193' title='bbox 320 1763 510 1822; x_wconf 88' lang='lat' dir='ltr'>corporis</span> <span class='ocrx_word' id='word_1_194' title='bbox 532 1778 620 1822; x_wconf 83' lang='lat' dir='ltr'>qua</span> <span class='ocrx_word' id='word_1_195' title='bbox 636 1761 706 1805; x_wconf 84' lang='lat' dir='ltr'>vel</span> <span class='ocrx_word' id='word_1_196' title='bbox 727 1761 879 1806; x_wconf 86' lang='lat' dir='ltr'>crescit</span> <span class='ocrx_word' id='word_1_197' title='bbox 894 1760 965 1805; x_wconf 91' lang='lat' dir='ltr'>vel</span> <span class='ocrx_word' id='word_1_198' title='bbox 993 1760 1202 1805; x_wconf 85' lang='lat' dir='ltr'>decrescit</span> <span class='ocrx_word' id='word_1_199' title='bbox 1229 1760 1467 1805; x_wconf 86' lang='lat' dir='ltr'>scientibus</span> <span class='ocrx_word' id='word_1_200' title='bbox 1489 1759 1616 1804; x_wconf 90' lang='lat' dir='ltr'>nobis</span> <span class='ocrx_word' id='word_1_201' title='bbox 1631 1795 1642 1815; x_wconf 82' lang='lat'>,</span> <span class='ocrx_word' id='word_1_202' title='bbox 1668 1760 1717 1805; x_wconf 87' lang='lat' dir='ltr'>id</span> 
     </span>
     <span class='ocr_line' id='line_1_24' title="bbox 319 1830 1716 1890; baseline -0.002 -12"><span class='ocrx_word' id='word_1_203' title='bbox 319 1843 407 1887; x_wconf 88' lang='lat' dir='ltr'>est,</span> <span class='ocrx_word' id='word_1_204' title='bbox 428 1843 479 1877; x_wconf 92' lang='lat' dir='ltr'>ut</span> <span class='ocrx_word' id='word_1_205' title='bbox 495 1848 585 1876; x_wconf 91' lang='lat' dir='ltr'>non</span> <span class='ocrx_word' id='word_1_206' title='bbox 597 1831 730 1876; x_wconf 86' lang='lat' dir='ltr'>lateat</span> <span class='ocrx_word' id='word_1_207' title='bbox 751 1832 954 1876; x_wconf 86' lang='lat' dir='ltr'>animam.</span> <span class='ocrx_word' id='word_1_208' title='bbox 976 1833 1028 1875; x_wconf 85' lang='lat' dir='ltr'>E.</span> <span class='ocrx_word' id='word_1_209' title='bbox 1051 1834 1117 1875; x_wconf 86' lang='lat' dir='ltr'>Ita</span> <span class='ocrx_word' id='word_1_210' title='bbox 1133 1840 1212 1875; x_wconf 90' lang='lat' dir='ltr'>est.</span> <span class='ocrx_word' id='word_1_211' title='bbox 1232 1834 1285 1875; x_wconf 82' lang='lat' dir='ltr'>A.</span> <span class='ocrx_word' id='word_1_212' title='bbox 1307 1830 1446 1885; x_wconf 80' lang='lat' dir='ltr'>Quid,</span> <span class='ocrx_word' id='word_1_213' title='bbox 1462 1831 1558 1874; x_wconf 85' lang='lat' dir='ltr'>haec</span> <span class='ocrx_word' id='word_1_214' title='bbox 1573 1831 1716 1890; x_wconf 88' lang='lat' dir='ltr'>passio</span> 
     </span>
     <span class='ocr_line' id='line_1_25' title="bbox 320 1901 1718 1966; baseline -0.003 -17"><span class='ocrx_word' id='word_1_215' title='bbox 320 1921 398 1966; x_wconf 91' lang='lat' dir='ltr'>per</span> <span class='ocrx_word' id='word_1_216' title='bbox 420 1920 463 1949; x_wconf 93' lang='grc'>56</span> <span class='ocrx_word' id='word_1_217' title='bbox 482 1904 620 1964; x_wconf 89' lang='lat' dir='ltr'>ipsam</span> <span class='ocrx_word' id='word_1_218' title='bbox 633 1919 723 1948; x_wconf 92' lang='lat' dir='ltr'>non</span> <span class='ocrx_word' id='word_1_219' title='bbox 740 1902 846 1946; x_wconf 90' lang='lat' dir='ltr'>latet</span> <span class='ocrx_word' id='word_1_220' title='bbox 860 1903 1049 1946; x_wconf 88' lang='lat' dir='ltr'>animam</span> <span class='ocrx_word' id='word_1_221' title='bbox 1065 1937 1075 1957; x_wconf 91' lang='lat'>,</span> <span class='ocrx_word' id='word_1_222' title='bbox 1092 1917 1238 1961; x_wconf 87' lang='lat' dir='ltr'>anper</span> <span class='ocrx_word' id='word_1_223' title='bbox 1253 1901 1401 1945; x_wconf 77' lang='lat' dir='ltr'>aliud?</span> <span class='ocrx_word' id='word_1_224' title='bbox 1418 1904 1471 1946; x_wconf 92' lang='lat' dir='ltr'>E.</span> <span class='ocrx_word' id='word_1_225' title='bbox 1498 1905 1580 1946; x_wconf 89' lang='lat' dir='ltr'>Per</span> <span class='ocrx_word' id='word_1_226' title='bbox 1596 1901 1718 1946; x_wconf 90' lang='lat' dir='ltr'>aliud</span> 
     </span>
     <span class='ocr_line' id='line_1_26' title="bbox 319 1971 1717 2037; baseline -0.003 -17"><span class='ocrx_word' id='word_1_227' title='bbox 319 1976 450 2037; x_wconf 90' lang='lat' dir='ltr'>plane</span> <span class='ocrx_word' id='word_1_228' title='bbox 477 1995 485 2020; x_wconf 92' lang='lat'>:</span> <span class='ocrx_word' id='word_1_229' title='bbox 512 1973 632 2019; x_wconf 86' lang='lat' dir='ltr'>aliud</span> <span class='ocrx_word' id='word_1_230' title='bbox 653 1982 717 2018; x_wconf 88' lang='lat' dir='ltr'>est</span> <span class='ocrx_word' id='word_1_231' title='bbox 734 1973 852 2017; x_wconf 91' lang='lat' dir='ltr'>enim</span> <span class='ocrx_word' id='word_1_232' title='bbox 873 1972 1020 2017; x_wconf 90' lang='lat' dir='ltr'>videre</span> <span class='ocrx_word' id='word_1_233' title='bbox 1040 1987 1208 2030; x_wconf 85' lang='lat' dir='ltr'>ungues</span> <span class='ocrx_word' id='word_1_234' title='bbox 1230 1973 1413 2032; x_wconf 86' lang='lat' dir='ltr'>majores</span> <span class='ocrx_word' id='word_1_235' title='bbox 1427 2006 1439 2026; x_wconf 86' lang='lat'>,</span> <span class='ocrx_word' id='word_1_236' title='bbox 1465 1971 1587 2016; x_wconf 88' lang='lat' dir='ltr'>aliud</span> <span class='ocrx_word' id='word_1_237' title='bbox 1609 1972 1717 2016; x_wconf 88' lang='lat' dir='ltr'>scire</span> 
     </span>
     <span class='ocr_line' id='line_1_27' title="bbox 321 2042 1712 2109; baseline -0.004 -17"><span class='ocrx_word' id='word_1_238' title='bbox 321 2046 444 2109; x_wconf 85' lang='lat' dir='ltr'>quod</span> <span class='ocrx_word' id='word_1_239' title='bbox 471 2054 682 2091; x_wconf 85' lang='lat' dir='ltr'>crescant.</span> <span class='ocrx_word' id='word_1_240' title='bbox 719 2047 771 2089; x_wconf 84' lang='grc' dir='ltr'>Α.</span> <span class='ocrx_word' id='word_1_241' title='bbox 802 2046 916 2089; x_wconf 90' lang='lat' dir='ltr'>Cum</span> <span class='ocrx_word' id='word_1_242' title='bbox 947 2058 1050 2102; x_wconf 80' lang='lat' dir='ltr'>ergo</span> <span class='ocrx_word' id='word_1_243' title='bbox 1081 2058 1272 2088; x_wconf 88' lang='lat' dir='ltr'>crescere</span> <span class='ocrx_word' id='word_1_244' title='bbox 1294 2043 1438 2102; x_wconf 92' lang='lat' dir='ltr'>ipsum</span> <span class='ocrx_word' id='word_1_245' title='bbox 1463 2042 1517 2087; x_wconf 92' lang='lat' dir='ltr'>sit</span> <span class='ocrx_word' id='word_1_246' title='bbox 1544 2044 1684 2102; x_wconf 86' lang='lat' dir='ltr'>passio</span> <span class='ocrx_word' id='word_1_247' title='bbox 1701 2079 1712 2099; x_wconf 87' lang='lat'>,</span> 
     </span>
     <span class='ocr_line' id='line_1_28' title="bbox 321 2112 1716 2180; baseline -0.004 -18"><span class='ocrx_word' id='word_1_248' title='bbox 321 2133 454 2180; x_wconf 87' lang='lat' dir='ltr'>quam</span> <span class='ocrx_word' id='word_1_249' title='bbox 471 2116 595 2161; x_wconf 91' lang='lat' dir='ltr'>nullo</span> <span class='ocrx_word' id='word_1_250' title='bbox 610 2131 739 2161; x_wconf 88' lang='lat' dir='ltr'>sensu</span> <span class='ocrx_word' id='word_1_251' title='bbox 761 2115 1015 2174; x_wconf 82' lang='lat' dir='ltr'>attingimus</span> <span class='ocrx_word' id='word_1_252' title='bbox 1027 2150 1037 2169; x_wconf 82' lang='lat'>,</span> <span class='ocrx_word' id='word_1_253' title='bbox 1055 2112 1314 2173; x_wconf 79' lang='lat' dir='ltr'>magnitudo</span> <span class='ocrx_word' id='word_1_254' title='bbox 1332 2123 1477 2157; x_wconf 91' lang='lat' dir='ltr'>autem</span> <span class='ocrx_word' id='word_1_255' title='bbox 1493 2113 1566 2157; x_wconf 84' lang='lat' dir='ltr'>illa</span> <span class='ocrx_word' id='word_1_256' title='bbox 1582 2129 1716 2174; x_wconf 88' lang='lat' dir='ltr'>quam</span> 
     </span>
     <span class='ocr_line' id='line_1_29' title="bbox 319 2184 1710 2246; baseline -0.004 -12"><span class='ocrx_word' id='word_1_257' title='bbox 319 2190 552 2244; x_wconf 83' lang='lat' dir='ltr'>sentimus,</span> <span class='ocrx_word' id='word_1_258' title='bbox 586 2187 739 2231; x_wconf 89' lang='lat' dir='ltr'>eadem</span> <span class='ocrx_word' id='word_1_259' title='bbox 763 2187 961 2246; x_wconf 85' lang='lat' dir='ltr'>passione</span> <span class='ocrx_word' id='word_1_260' title='bbox 993 2184 1106 2230; x_wconf 84' lang='lat' dir='ltr'>sacta</span> <span class='ocrx_word' id='word_1_261' title='bbox 1134 2185 1212 2240; x_wconf 86' lang='lat' dir='ltr'>sit,</span> <span class='ocrx_word' id='word_1_262' title='bbox 1243 2200 1334 2229; x_wconf 92' lang='lat' dir='ltr'>non</span> <span class='ocrx_word' id='word_1_263' title='bbox 1349 2185 1440 2244; x_wconf 89' lang='lat' dir='ltr'>ipsa</span> <span class='ocrx_word' id='word_1_264' title='bbox 1462 2184 1517 2229; x_wconf 89' lang='lat' dir='ltr'>sit</span> <span class='ocrx_word' id='word_1_265' title='bbox 1545 2184 1710 2244; x_wconf 88' lang='lat' dir='ltr'>passio,</span> 
     </span>
     <span class='ocr_line' id='line_1_30' title="bbox 319 2256 1713 2318; baseline -0.005 -12"><span class='ocrx_word' id='word_1_266' title='bbox 319 2260 599 2306; x_wconf 83' lang='lat' dir='ltr'>manifestum</span> <span class='ocrx_word' id='word_1_267' title='bbox 611 2269 675 2304; x_wconf 89' lang='lat' dir='ltr'>est</span> <span class='ocrx_word' id='word_1_268' title='bbox 693 2259 824 2303; x_wconf 89' lang='lat' dir='ltr'>talem</span> <span class='ocrx_word' id='word_1_269' title='bbox 837 2258 1083 2318; x_wconf 88' lang='lat' dir='ltr'>passionem</span> <span class='ocrx_word' id='word_1_270' title='bbox 1095 2273 1184 2302; x_wconf 90' lang='lat' dir='ltr'>non</span> <span class='ocrx_word' id='word_1_271' title='bbox 1197 2272 1274 2316; x_wconf 85' lang='lat' dir='ltr'>per</span> <span class='ocrx_word' id='word_1_272' title='bbox 1291 2272 1336 2301; x_wconf 91' lang='lat' dir='ltr'>se</span> <span class='ocrx_word' id='word_1_273' title='bbox 1348 2257 1486 2316; x_wconf 90' lang='lat' dir='ltr'>ipsam</span> <span class='ocrx_word' id='word_1_274' title='bbox 1496 2256 1603 2301; x_wconf 86' lang='lat' dir='ltr'>scire</span> <span class='ocrx_word' id='word_1_275' title='bbox 1617 2271 1713 2311; x_wconf 83' lang='lat' dir='ltr'>nos,</span> 
     </span>
     <span class='ocr_line' id='line_1_31' title="bbox 320 2327 1712 2393; baseline -0.005 -15"><span class='ocrx_word' id='word_1_276' title='bbox 320 2333 394 2379; x_wconf 90' lang='lat' dir='ltr'>sed</span> <span class='ocrx_word' id='word_1_277' title='bbox 421 2349 497 2393; x_wconf 91' lang='lat' dir='ltr'>per</span> <span class='ocrx_word' id='word_1_278' title='bbox 520 2332 652 2377; x_wconf 84' lang='lat' dir='ltr'>aliud.</span> <span class='ocrx_word' id='word_1_279' title='bbox 683 2332 725 2377; x_wconf 90' lang='lat' dir='ltr'>Si</span> <span class='ocrx_word' id='word_1_280' title='bbox 747 2346 848 2389; x_wconf 82' lang='lat' dir='ltr'>ergo</span> <span class='ocrx_word' id='word_1_281' title='bbox 870 2347 959 2375; x_wconf 91' lang='lat' dir='ltr'>non</span> <span class='ocrx_word' id='word_1_282' title='bbox 980 2346 1058 2389; x_wconf 93' lang='lat' dir='ltr'>per</span> <span class='ocrx_word' id='word_1_283' title='bbox 1080 2329 1200 2374; x_wconf 88' lang='lat' dir='ltr'>aliud</span> <span class='ocrx_word' id='word_1_284' title='bbox 1222 2329 1413 2373; x_wconf 87' lang='lat' dir='ltr'>animam</span> <span class='ocrx_word' id='word_1_285' title='bbox 1426 2344 1517 2373; x_wconf 92' lang='lat' dir='ltr'>non</span> <span class='ocrx_word' id='word_1_286' title='bbox 1533 2327 1712 2383; x_wconf 87' lang='lat' dir='ltr'>lateret,</span> 
     </span>
     <span class='ocr_line' id='line_1_32' title="bbox 320 2397 1708 2467; baseline -0.006 -18"><span class='ocrx_word' id='word_1_287' title='bbox 320 2420 467 2467; x_wconf 81' lang='lat' dir='ltr'>nonne</span> <span class='ocrx_word' id='word_1_288' title='bbox 489 2404 722 2447; x_wconf 87' lang='lat' dir='ltr'>sentiretur</span> <span class='ocrx_word' id='word_1_289' title='bbox 743 2402 886 2461; x_wconf 89' lang='lat' dir='ltr'>potius</span> <span class='ocrx_word' id='word_1_290' title='bbox 915 2417 1049 2462; x_wconf 82' lang='lat' dir='ltr'>quam</span> <span class='ocrx_word' id='word_1_291' title='bbox 1070 2400 1384 2460; x_wconf 79' lang='lat' dir='ltr'>conjiceretur?</span> <span class='ocrx_word' id='word_1_292' title='bbox 1410 2401 1462 2443; x_wconf 91' lang='lat' dir='ltr'>E.</span> <span class='ocrx_word' id='word_1_293' title='bbox 1490 2397 1708 2456; x_wconf 87' lang='lat' dir='ltr'>Intelligo.</span> 
     </span>
     <span class='ocr_line' id='line_1_33' title="bbox 314 2470 1709 2533; baseline -0.005 -13"><span class='ocrx_word' id='word_1_294' title='bbox 314 2478 367 2521; x_wconf 83' lang='grc' dir='ltr'>Α.</span> <span class='ocrx_word' id='word_1_295' title='bbox 392 2478 482 2520; x_wconf 89' lang='lat' dir='ltr'>Cur</span> <span class='ocrx_word' id='word_1_296' title='bbox 501 2490 603 2532; x_wconf 77' lang='lat' dir='ltr'>ergo</span> <span class='ocrx_word' id='word_1_297' title='bbox 617 2473 791 2517; x_wconf 84' lang='lat' dir='ltr'>dubitas</span> <span class='ocrx_word' id='word_1_298' title='bbox 810 2472 919 2533; x_wconf 80' lang='lat' dir='ltr'>quid</span> <span class='ocrx_word' id='word_1_299' title='bbox 933 2472 995 2516; x_wconf 85' lang='lat' dir='ltr'>illi</span> <span class='ocrx_word' id='word_1_300' title='bbox 1012 2471 1257 2518; x_wconf 81' lang='lat' dir='ltr'>definitioni</span> <span class='ocrx_word' id='word_1_301' title='bbox 1276 2472 1330 2515; x_wconf 87' lang='lat' dir='ltr'>sit</span> <span class='ocrx_word' id='word_1_302' title='bbox 1348 2470 1635 2515; x_wconf 78' lang='lat' dir='ltr'>addendum?</span> <span class='ocrx_word' id='word_1_303' title='bbox 1657 2472 1709 2513; x_wconf 90' lang='lat' dir='ltr'>E.</span> 
     </span>
     <span class='ocr_line' id='line_1_34' title="bbox 316 2540 1708 2600; baseline -0.006 -9"><span class='ocrx_word' id='word_1_304' title='bbox 316 2550 415 2591; x_wconf 87' lang='lat' dir='ltr'>Jam</span> <span class='ocrx_word' id='word_1_305' title='bbox 436 2546 564 2590; x_wconf 72' lang='lat' dir='ltr'>video</span> <span class='ocrx_word' id='word_1_306' title='bbox 583 2545 640 2588; x_wconf 70' lang='lat' dir='ltr'>sie</span> <span class='ocrx_word' id='word_1_307' title='bbox 664 2560 751 2587; x_wconf 58' lang='lat' dir='ltr'>esse</span> <span class='ocrx_word' id='word_1_308' title='bbox 777 2542 1075 2587; x_wconf 81' lang='lat' dir='ltr'>definiendum</span> <span class='ocrx_word' id='word_1_309' title='bbox 1091 2578 1101 2597; x_wconf 85' lang='lat'>,</span> <span class='ocrx_word' id='word_1_310' title='bbox 1127 2551 1176 2586; x_wconf 86' lang='lat' dir='ltr'>ut</span> <span class='ocrx_word' id='word_1_311' title='bbox 1199 2557 1348 2586; x_wconf 85' lang='lat' dir='ltr'>sensus</span> <span class='ocrx_word' id='word_1_312' title='bbox 1371 2541 1424 2585; x_wconf 88' lang='lat' dir='ltr'>sit</span> <span class='ocrx_word' id='word_1_313' title='bbox 1441 2540 1583 2600; x_wconf 88' lang='lat' dir='ltr'>passi0</span> <span class='ocrx_word' id='word_1_314' title='bbox 1609 2555 1708 2584; x_wconf 90' lang='lat' dir='ltr'>cor-</span> 
     </span>
    </p>
   </div>
  </div>
 </body>
</html>
