1888 3168
661 200 715 227 nn
746 195 899 226 MUSmA
931 199 1014 226 Lus.
1050 199 1092 225 v.
1493 185 1576 224 467

186 264 381 319 chalcus,
407 272 459 308 ut
485 273 564 319 031,
600 264 818 324 Optimus
852 261 1019 307 beatus
1041 261 1119 306 ille
1141 263 1224 320 (Ιαὶ
1239 260 1413 322 procul
1436 278 1578 324 nego-

187 333 268 390 tio,
289 343 333 379 et
349 351 373 379 a
390 350 480 380 non
497 333 629 394 pleno
647 343 790 395 potest
810 348 956 378 versus
975 332 1176 389 exordiri,
1202 342 1251 377 ut
1265 343 1344 388 est,
1375 332 1472 379 Vir
1491 350 1576 394 op-

188 407 328 451 timus
351 405 521 452 beatus
542 404 622 450 ille
648 407 732 465 qui
742 404 917 466 procul
939 405 1132 467 negotio
1151 422 1163 449 .·
1182 405 1407 455 terminari
1429 416 1577 450 autem

186 477 267 522 nisi
288 493 378 523 non
394 477 525 538 pleno
543 493 719 538 prorsus
738 492 834 522 ‘non
855 485 1014 538 potest.
1046 474 1131 521 Sed
1154 476 1223 520 isti
1246 492 1336 521 non
1357 475 1475 536 pleni
1502 492 1579 536 pe-

186 549 278 605 des,
302 549 390 594 sive
412 549 606 609 integros
619 548 860 610 semipedes
879 549 1087 604 habeant,
1113 548 1239 592 sicuti
1261 557 1324 592 est
1346 546 1424 592 iste
1446 564 1580 608 quem

185 635 306 664 nunc
327 619 470 680 posui,
495 619 585 665 sive
608 621 754 672 minus
777 635 912 681 quam
936 618 1167 664 dimidium
1189 619 1369 679 pedem,
1395 619 1508 664 sicut
1534 619 1581 665 in

184 687 260 735 1110
283 690 582 737 choriambico
614 689 716 735 duae
745 690 915 736 ultimae
941 690 1114 745 breves,
1148 689 1400 735 Moecenccs
1422 690 1580 736 atavis

187 759 314 807 edite
330 760 536 824 regibus,
554 763 647 807 sive
661 762 760 823 plus
773 778 906 824 quam
923 761 1171 815 dimidium,
1197 772 1247 807 ut
1262 762 1308 806 in
1332 763 1422 823 ejus
1436 762 1579 823 capite

185 831 285 878 duae
305 833 458 894 primae
481 834 624 894 longae
639 870 650 890 ,
686 843 761 879 aut
782 835 826 878 in
844 835 936 878 <fine
961 833 1136 878 alterius
1167 834 1449 878 choriambici
1471 834 1578 879 bac-

192 904 332 962 chius,
356 907 480 966 cujus
503 905 751 967 exemplum
773 915 852 962 031,
887 905 956 950 Te
979 903 1147 950 domus
1172 904 1221 950 E
1224 903 1418 961 vandra)-
1440 915 1485 951 te
1506 922 1580 951 se—

185 974 270 1021 des
292 975 423 1022 celsa
445 976 626 1022 Latini.
650 979 811 1022 Omnes
835 993 938 1036 ergo
960 976 1029 1021 isti
1047 992 1137 1021 non
1156 976 1275 1036 pleni
1296 975 1429 1037 pedes
1451 978 1580 1023 semi-

183 1047 317 1107 pedes
340 1057 671 1108 nuncupantur.

242 1121 452 1163 XXVIII.
501 1122 704 1165 Jamvero
730 1135 819 1164 non
853 1119 995 1164 solum
1020 1119 1121 1164 talia
1153 1124 1354 1180 poemata
1382 1121 1579 1166 versibus

183 1191 313 1247 fiunt,
339 1191 452 1236 utin
480 1192 545 1237 his
570 1208 709 1237 unum
749 1207 883 1251 genus
918 1201 1144 1249 teneatur,
1181 1192 1326 1254 qualia
1357 1194 1580 1253 epicorum

183 1265 413 1322 poetarum
446 1273 571 1320 sunt,
604 1263 674 1308 vel
705 1264 836 1308 etiam
864 1263 1155 1319 comicorum,
1181 1263 1258 1308 sed
1279 1263 1375 1309 11103
1397 1281 1576 1326 quoque

184 1335 373 1380 ambitus
386 1351 496 1396 quos
508 1342 659 1389 περιόδως
673 1336 813 1381 Graeci
831 1345 989 1380 vocant
1006 1352 1097 1381 non
1119 1345 1292 1381 tantum
1310 1336 1394 1381 illis
1411 1338 1574 1394 metris,

182 1422 283 1468 quae
309 1406 405 1466 lege
438 1421 643 1450 versuum
676 1423 767 1451 non
795 1416 1026 1462 tenentur,
1062 1406 1187 1465 lyrici
1215 1411 1357 1467 po‘e'tae
1385 1407 1575 1466 faciunt,

182 1476 259 1522 sed
280 1477 411 1521 etiam
432 1476 644 1521 versibus.
670 1479 780 1521 Nam
802 1475 875 1521 ille
904 1476 1072 1533 Flacci,

300 1546 353 1594 Ν
357 1562 424 1592 ox
446 1556 569 1603 erat,
591 1556 637 1591 et
658 1546 1024 1609 coeloficlgebat
1059 1547 1174 1593 luna
1196 1565 1364 1613 sereno
1387 1567 1398 1594 .-

301 1617 443 1662 Inter
463 1619 654 1662 minora
675 1615 838 1662 sidera
861 1621 891 1662 ¹:

184 1689 437 1737 bimembris
452 1690 640 1735 ambitus
654 1699 732 1747 031,
755 1699 798 1735 et
814 1691 1009 1736 versibus
1034 1702 1251 1737 constans.
1277 1693 1363 1747 Qui
1382 1693 1471 1739 (1110
1484 1711 1580 1740 ver-

183 1778 254 1808 sus
281 1762 455 1807 sibimet
474 1762 706 1807 convenire
725 1778 814 1807 non
833 1773 1029 1823 possunt,
1052 1763 1132 1808 nisi
1156 1773 1343 1826 uterque
1366 1765 1420 1810 ad
1446 1782 1576 1812 seno-

183 1849 282 1878 rum
300 1844 549 1895 temporum
566 1831 779 1878 referatur
794 1833 942 1894 pedes.
959 1836 1069 1879 Nam
1081 1834 1237 1879 modus
1257 1836 1460 1881 heroicus
1477 1854 1580 1883 cum

183 1906 316 1952 modo
337 1907 525 1952 iambico
547 1906 618 1951 vel
639 1906 864 1951 trocha·1·c0
888 1921 978 1951 non
1004 1907 1212 1963 0011011111,
1238 1908 1342 1968 quia
1361 1908 1424 1953 illi
1446 1909 1579 1970 pedes

185 1978 241 2024 ad
262 1977 556 2034 tantumdem,
577 1978 622 2022 hi
637 1976 691 2022 ad
709 1976 897 2038 duplum
920 1978 1184 2038 partiuntur.
1207 1979 1342 2024 Fiunt
1364 1996 1467 2041 ergo
1485 1998 1579 2028 am·-

181 2050 299 2095 bitus
329 2058 406 2095 aut
427 2048 630 2095 omnibus
657 2049 804 2093 metris
828 2064 919 2093 non
941 2065 1042 2093 cum
1064 2050 1260 2095 versibus
1275 2086 1285 2106 ‚
1313 2061 1362 2096 ut
1389 2051 1453 2097 illi
1476 2065 1579 2100 sunt

183 2121 239 2167 de
260 2121 422 2183 quibus
449 2121 495 2165 in
521 2119 731 2181 superiori
759 2135 958 2165 sermone
981 2119 1254 2181 disputatum
1282 2133 1369 2180 est,
1397 2140 1499 2169 cum
1522 2126 1577 2171 de

183 2193 284 2253 ipsis
307 2192 455 2237 metris
479 2207 705 2252 ageremus
730 2211 738 2236 ;
760 2200 836 2236 aut
858 2200 1031 2236 tantum
1051 2192 1265 2249 versibus,
1290 2195 1380 2239 11111
1403 2194 1458 2240 de
1478 2198 1578 2258 qui-

184 2265 267 2310 bus
291 2280 410 2309 nunc
432 2263 601 2309 dictum
623 2272 687 2307 est
712 2282 720 2307 ;
747 2272 822 2307 aut
843 2271 894 2307 ut
913 2272 956 2307 et
979 2264 1196 2321 versibus,
1231 2274 1274 2309 et
1306 2265 1399 2312 aliis
1427 2269 1576 2314 metris

184 2345 499 2397 temperentur,
521 2334 651 2396 quale
674 2332 785 2378 illud
806 2342 869 2378 est
891 2353 900 2379 :

303 2404 557 2470 Dffcgere
578 2405 734 2461 nives,
750 2402 1071 2467 redeuntjam
1099 2407 1331 2469 gramina
1359 2412 1569 2470 campis,

304 2478 352 2523 Α
357 2475 665 2536 rboribzcsqzce
686 2478 874 2522 comce2.

236 2574 243 2589 ¹
267 2564 413 2598 Horatius
423 2564 453 2598 in
468 2564 615 2598 Carmine
626 2564 741 2607 epodo.
763 2581 804 2588 -
826 2571 838 2587 2
855 2564 942 2597 Islein
960 2575 1009 2605 ιν,
1026 2566 1218 2598 Car-minum,

1352 2624 1416 2662 30.
