1883 3194
568 254 729 285 eoN'rnA
767 255 1026 282 ACADEMICOS
1060 255 1180 281 LIBER
1217 256 1246 281 Ι.
1552 242 1606 280 253

210 336 343 382 quem
361 323 452 383 Jam
474 322 647 382 penitus
669 321 847 380 ino-ressi
870 322 1000 367 ostis:
1036 323 1151 380 Ego,
1179 320 1323 380 inquit
1357 319 1403 364 l
1394 333 1457 364 ic(
1461 320 1576 363 nlius
1594 355 1604 374 ,

211 392 393 437 definire
411 392 578 453 aliquid
599 392 782 438 idoneus
800 408 890 437 non
911 393 1038 437 suin:
1065 390 1264 452 quamvis
1287 389 1608 436 ertoienrdefi-

209 463 303 507 nite
325 464 378 508 sit
395 463 563 509 facilius
581 465 814 525 quani
737 465 877 508 finire.
901 466 1023 523 Eg,o
1051 463 1111 508 ait
1131 461 1229 518 ille,
1256 461 1464 506 definiam
1487 460 1609 521 quod

207 532 314 578 mihi
331 532 592 579 facillimum
615 545 785 580 estnon
808 534 999 593 ingenio,
1028 532 1104 579 sed
1132 548 1261 578 causa
1293 531 1472 592 optima.
1500 534 1608 576 Nam

208 618 352 649 errare
384 614 449 650 cst
483 606 636 666 utique
668 621 838 666 semper
868 620 1090 666 quaerere,
1129 618 1361 664 nunquam
1394 602 1605 646 invenire.

207 677 325 736 Ego,
351 677 496 738 inquit
530 678 774 734 Licentius,
807 677 842 722 si
873 676 944 722 vel
979 677 1107 721 istam
1140 674 1443 720 definitionem
1481 671 1607 717 facile

207 764 378 809 possem
401 748 614 807 refellere,
634 750 901 812 jamdudum
933 765 1074 795 causae
1107 764 1218 793 meae
1242 763 1332 792 non
1354 745 1606 791 defuissem.

209 820 296 866 Sed
317 822 527 883 quoniam
563 831 639 868 aut
673 838 739 868 res
773 823 864 882 ipsa
886 837 965 882 per
986 837 1030 866 se
1052 819 1188 865 ardua
1210 829 1296 875 est,
1322 827 1398 862 aut
1420 818 1479 862 ita
1502 817 1610 861 mihi

206 901 402 952 apparet,
428 902 531 953 peto
550 909 574 938 a
595 893 720 939 vobis
741 903 791 938 ut
812 908 954 954 usque
977 892 1024 936 in
1045 891 1275 936 crastinam
1298 889 1444 935 lucem
1466 904 1612 949 quaes-

204 963 268 1009 tio
291 963 544 1020 differatur,
575 964 609 1010 si
638 963 750 1009 nihil
769 962 903 1010 hodie
934 962 1055 1024 quod
1084 960 1395 1022 respondeam,
1422 960 1610 1020 reperire

203 1044 415 1095 potuero,
444 1052 547 1081 cum
570 1036 618 1081 id
645 1035 798 1082 sedulo
821 1051 996 1081 mecum
1024 1035 1116 1095 ipse
1137 1033 1326 1080 volvam.
1354 1032 1485 1087 Quod
1507 1047 1609 1077 eum

202 1105 539 1152 concedendum
561 1114 782 1167 putarem,
808 1123 899 1152 non
916 1105 1207 1152 renuentibus
1229 1104 1400 1150 caeteris
1416 1140 1427 1160 ,
1453 1102 1611 1148 deam-

203 1178 409 1224 bulatum
432 1179 495 1224 ire
516 1180 781 1224 surreximus
797 1215 807 1232 ,
834 1180 1051 1240 nobisque
1074 1179 1188 1223 inter
1207 1194 1286 1223 nos
1303 1176 1444 1227 multa
1465 1176 1609 1222 varia-

201 1265 290 1312 que
327 1250 743 1307 sermocinantibus,
780 1250 856 1295 ille
891 1251 937 1295 in
975 1250 1239 1309 cogitatione
1288 1249 1457 1294 defixus
1506 1247 1605 1293 fuit.

203 1320 335 1375 Quod
356 1336 460 1366 cum
482 1320 642 1365 frustra
662 1337 753 1366 esse
771 1322 985 1376 sensisset,
1006 1321 1197 1366 relaxare
1220 1321 1417 1365 animum
1435 1319 1606 1375 maluit,

201 1402 247 1437 et
276 1401 426 1437 nostro
449 1407 494 1436 se
515 1391 706 1436 sermoni
728 1392 923 1436 miscere.
964 1394 1118 1437 Postea
1151 1407 1253 1436 cum
1271 1393 1362 1453 jain
1396 1391 1608 1451 advespe-

201 1473 412 1520 rasceret,
438 1463 484 1507 in
511 1461 716 1508 eumdem
750 1462 1009 1508 conflictum
1037 1462 1286 1508 redierant:
1324 1463 1401 1507 sed
1424 1462 1608 1507 modum

199 1534 412 1595 imposui,
438 1549 722 1596 persuasique
743 1543 796 1580 ut
816 1535 862 1579 in
891 1532 1026 1580 alium
1050 1530 1167 1581 diem
1189 1533 1378 1591 differri,
1403 1543 1608 1595 pateren-

205 1615 301 1652 tur:
321 1605 424 1652 inde
449 1604 507 1652 ad
527 1605 721 1652 balneas.
1192 1619 1195 1621 ·

201 1755 272 1772 m!
276 1755 344 1772 ΛΑΜ
349 1755 416 1772 Νῑῶἱ
422 1754 559 1772 ΧΜΜΛΝΑὮ
563 1754 703 1772 νὶΛΛΜῒὶ
707 1754 847 1771 ΜΜΝΙΙἋ
851 1754 1206 1772 mmmmmxwu
1210 1754 1421 1773 ummwwumu
1425 1755 1491 1772 &MK
1497 1755 1564 1772 m]
1568 1755 1606 1773 1Ιὶ-

701 1890 923 1941 CAPUT
979 1892 1042 1941 IV
1059 1849 1097 1939 i¹.

749 2039 990 2074 DISPUTATIO
1014 2039 1055 2072 ΙΙ.

257 2159 338 2202 XI.
372 2160 605 2203 Pos'rnmm
643 2166 791 2203 autem
824 2173 928 2202 cum
964 2155 1335 2203 consedissemus:
1378 2158 1600 2214 Profertc,

198 2228 404 2289 inquam,
429 2228 552 2290 quod
573 2229 667 2273 heri
690 2229 937 2290 coeperatis.
961 2232 1075 2275 Tum
1094 2229 1315 2277 Licentius
1334 2248 1342 2275 :
1369 2229 1605 2275 Distulera-

199 2315 319 2355 mus,
354 2299 523 2361 inquit,
558 2291 929 2361 disputationem,
970 2301 1054 2346 nisi
1098 2301 1247 2358 fallor,
1286 2311 1441 2361 rogatu
1476 2317 1599 2358 meo,

201 2387 304 2417 cum
330 2372 485 2417 erroris
509 2371 707 2418 definitio
736 2372 995 2419 difficillima
1027 2374 1136 2419 mihi
1170 2383 1295 2419 esset.
1335 2374 1598 2435 Hicplanc,

202 2443 406 2503 inquam,
432 2458 522 2487 non
551 2447 696 2500 erras,
732 2444 854 2505 quod
885 2453 936 2488 ut
969 2445 1050 2489 tibi
1085 2460 1217 2489 omen
1249 2445 1304 2489 sit
1326 2445 1381 2490 ad
1409 2443 1599 2505 reliqua,

201 2513 391 2558 libenter
414 2515 699 2576 optaverim2.
725 2515 843 2561 Audi
866 2531 989 2576 ergo,
1014 2516 1181 2577 inquit,
1207 2511 1329 2579 quod
1351 2517 1445 2560 heri
1469 2516 1599 2560 etiam

252 2631 261 2648 ¹
279 2626 382 2669 Caput
401 2623 530 2660 maloin
551 2624 656 2661 Editis
674 2626 840 2661 veteribus
860 2625 974 2670 incipit
988 2636 1062 2662 cum
1078 2637 1111 2661 n.
1126 2638 1159 2662 x.
1173 2643 1216 2652 —-
1241 2634 1255 2651 2
1275 2638 1286 2659 ι
1302 2629 1445 2661 Retinet.
1464 2636 1496 2658 n.
1524 2637 1551 2657 ι.
