1883 3194
494 221 659 254 CONTRA
694 223 956 253 acAnEiitcos
989 222 1112 251 1131311
1145 224 1192 250 11.
1481 209 1536 248 53

138 290 258 352 quit,
285 305 458 353 quaes0‚
483 289 734 351 paululum.
760 293 823 337 Ac
845 298 944 351 post
966 287 1184 335 arridens:
1206 287 1286 333 Dic
1304 284 1430 344 mihi,
1456 286 1534 343 ait,

138 377 216 407 oro
238 371 304 419 te,
319 363 495 424 jam-ne
516 371 660 409 certus
683 379 727 408 63
758 359 814 407 (16
834 360 1016 407 victoria
1041 360 1147 406 tua?
1175 361 1289 404 Tum
1311 374 1390 419 ego
1418 378 1427 405 ε
1448 361 1540 403 Fac

136 447 233 490 me,
256 434 463 495 inquam,
486 443 655 480 certum
680 432 771 479 esse
797 453 807 480 ε
843 448 936 478 11011
960 432 1061 476 ideo
1099 440 1249 475 tamen
1271 438 1321 475 tu
1363 444 1542 475 causam

137 513 261 550 tuam
282 504 416 550 debes
440 503 661 563 deserere,
686 504 929 567 praesertim
951 518 1055 549 cum
1081 503 1178 548 haec
1200 501 1316 547 inter
1346 517 1426 547 nos
1448 500 1542 546 dis-

137 577 311 638 putatio
339 586 540 639 suscepta
571 578 626 623 sit
659 575 888 625 exercendi
917 576 984 621 tui
1021 590 1176 632 causa,
1208 573 1327 619 etad
1354 573 1543 620 eliman-

137 649 246 695 dum
259 651 457 696 animum
472 651 757 712 provocandi.
779 648 1111 712 Numquidnam
1123 684 1134 705 ,
1154 647 1317 709 inquit,
1341 656 1418 693 aut
1432 650 1543 693 Aca-

137 721 330 769 demicos
352 722 462 783 legi,
491 734 568 770 aut
588 734 656 770 tot
677 723 915 784 disciplinis
938 721 1136 768 eruditus
1158 736 1278 777 sum,
1304 720 1467 782 quibus
1492 730 1545 765 tu

137 794 194 839 ad
215 811 286 840 me
307 796 548 842 instructus
570 796 805 842 adventas?
819 794 1118 851 Academicos,
1139 793 1322 855 inquam
1336 829 1347 849 ,
1375 808 1456 838 nec
1478 790 1544 836 illi

135 859 332 926 legerant
345 884 369 912 a
383 867 545 930 quibus
561 868 704 929 primo
720 867 935 913 sententia
949 868 1030 912 ista
1044 865 1225 911 defensa
1237 875 1316 910 est.
1338 863 1547 910 Eruditio

136 948 284 984 aute-m
316 939 741 1005 disciplinarumque
773 940 900 1001 copia
930 939 964 984 si
996 948 1039 984 te
1072 938 1245 995 deficit,
1282 953 1373 984 non
1400 951 1545 997 usque

137 1010 250 1057 adeo
259 1021 407 1057 tamen
424 1013 798 1074 ingenium'tuum
811 1028 902 1057 esse
917 1012 1051 1057 debet
1066 1010 1311 1056 invalidum
1322 1046 1333 1067 ,
1350 1019 1402 1055 ut
1418 1008 1547 1055 nullo

135 1081 252 1129 facto
266 1084 437 1145 impetu
459 1085 729 1145 paucissimis
745 1084 889 1129 verbis
905 1083 1012 1128 meis
1034 1082 1427 1144 rogationibusque
1446 1096 1548 1126 suc-

136 1154 336 1200 cumbas.
364 1154 484 1201 lllud
504 1156 624 1201 enim
637 1157 729 1218 jam
749 1155 890 1201 vereri
911 1154 1029 1216 coepi
1043 1189 1055 1212 ‚
1080 1170 1136 1199 ne
1156 1154 1238 1199 tibi
1259 1153 1388 1198 citius
1410 1167 1546 1214 quam

134 1224 236 1271 volo
274 1225 480 1272 succedat
505 1227 715 1288 Alypius,
757 1242 848 1287 quo
883 1226 1133 1271 adversario
1168 1241 1261 1270 non
1281 1224 1344 1269 ita
1365 1237 1546 1269 securus

137 1294 453 1343 deambulabo.
499 1301 619 1356 Ergo
650 1297 845 1352 utinam,
884 1295 1031 1357 inquit
1066 1294 1162 1352 ille,
1184 1296 1277 1356 jam
1298 1295 1471 1352 vincar,
1495 1302 1550 1340 ut

134 1366 373 1429 aliquando
394 1383 477 1414 vos
495 1366 675 1412 audiam
702 1365 987 1423 disserentes,
1013 1374 1057 1412 et
1086 1365 1208 1427 quod
1231 1364 1331 1427 plus
1353 1374 1417 1410 est
1434 1401 1446 1422 ,
1476 1365 1551 1411 vi·-

134 1439 288 1500 deam3
314 1456 406 1502 quo
428 1440 542 1485 mihi
560 1439 811 1501 spectaculo
834 1438 946 1484 nihil
969 1448 1114 1500 potest
1135 1437 1308 1484 felicius
1331 1438 1552 1484 exhiberi:

133 1512 245 1563 Nam
261 1512 475 1573 quoniam
492 1510 660 1573 placuit
679 1511 806 1557 vobis
826 1510 908 1556 ista
924 1510 1135 1568 fundere,
1160 1511 1309 1572 potius
1327 1526 1465 1573 quam
1481 1508 1549 1556 cf·-

133 1583 321 1629 fundere
336 1619 347 1641 ,
372 1580 592 1646 siquidem
621 1580 697 1629 ore
726 1583 1062 1644 prorumpentia
1078 1582 1196 1642 stylo
1217 1583 1436 1644 excipitis,
1461 1598 1549 1629 1166

133 1654 181 1700 111
199 1664 384 1712 terram,
424 1663 476 1701 ut
495 1651 678 1711 dicitur,
700 1653 857 1699 cadere
875 1653 1038 1711 sinitis,
1062 1653 1207 1713 legere
1228 1654 1360 1698 etiam
1386 1669 1468 1700 vos
1490 1653 1549 1698 li-

135 1726 254 1773 cebit
302 1747 312 1774 :
338 1725 415 1772 sed
456 1725 621 1772 nescio
649 1725 876 1788 quomodo
918 1742 1022 1771 cum
1075 1726 1370 1772 admoventur
1409 1726 1550 1771 oculis

134 1799 270 1845 iidem
306 1799 388 1860 ipsi
419 1815 531 1859 quos
553 1799 668 1844 inter
689 1814 834 1843 sermo
865 1798 1075 1853 caeditur,
1101 1798 1219 1842 bona
1254 1796 1496 1857 disputatio
1517 1798 1552 1844 si

134 1885 227 1916 non
247 1869 404 1915 utilius
418 1905 429 1926 ,
450 1878 496 1914 at
518 1877 635 1914 certe
657 1867 801 1913 11611113
822 1865 1055 1929 perfundit
1078 1867 1291 1913 animum.

193 1944 366 1988 XVIII.
403 1942 589 1985 Gratum
609 1939 848 1996 habemus,
872 1940 1054 2001 inquam
1075 1955 1084 1982 τ
1113 1939 1192 1985 sed
1213 1941 1445 2001 repentina
1467 1941 1552 1988 ista

138 2012 300 2074 gaudia
327 2022 404 2058 tua
430 2009 596 2058 temere
625 2010 748 2056 illam
771 2011 1036 2056 sententiam
1065 2010 1250 2057 evadere
1271 2016 1545 2072 coegerunt,

134 2102 224 2147 qua
245 2084 390 2130 dixisti
418 2082 602 2142 nullum}
625 2082 706 2128 tibi
729 2081 1032 2144 spectaculum
1062 2083 1259 2128 exhiberi
1290 2100 1416 2145 posse
1443 2083 1546 2130 feli-

135 2158 244 2203 cius.
269 2156 389 2212 Quid
405 2157 439 2201 si
456 2155 575 2201 enim
595 2153 724 2200 illum
740 2164 912 2216 patrem
926 2166 1052 2200 tuum
1064 2191 1075 2212 ,
1094 2172 1184 2217 quo
1201 2155 1402 2217 profecto
1415 2173 1548 2203 nemo

136 2228 463 2291 philosophiam
480 2236 546 2273 est
565 2236 667 2288 post
683 2236 775 2272 tam
797 2226 976 2286 longam
997 2226 1115 2272 sitim
1130 2228 1368 2275 hausturus
1387 2228 1548 2275 arden-

137 2301 251 2358 tius,
287 2299 524 2346 nobiscum
554 2299 638 2344 ista
660 2307 938 2361 quaerentem
963 2313 1013 2344 ac
1042 2298 1329 2345 disserentem
1348 2299 1546 2358 videbis,

138 2389 243 2420 cum
271 2388 353 2433 ego
387 2388 459 2417 me
491 2370 830 2417 fortunatiorem
851 2373 1090 2434 {nunquam
1120 2372 1313 2434 putabo,
1355 2373 1465 2435 quid
1503 2382 1548 2418 te

141 2445 325 2493 tandem
346 2445 507 2490 sentire
530 2461 580 2490 ae
598 2444 746 2491 dicere
768 2445 999 2491 convenit?
1023 2445 1105 2492 Hic
1126 2461 1229 2491 vero
1247 2445 1322 2491 ille
1340 2445 1545 2508 aliquan-

142 2528 240 2564 tum
260 2517 543 2576 lacrymavit:
567 2527 611 2562 et
630 2517 710 2562 ubi
728 2517 852 2579 loqui
874 2518 1044 2579 potuit,
1069 2527 1272 2579 porrecta
1294 2534 1430 2563 manu
1451 2534 1546 2564 606-

137 2590 237 2636 lum
252 2588 496 2652 suspiciens
514 2607 523 2636 :
540 2590 597 2636 Et
610 2588 790 2650 quando
812 2605 910 2650 ege,
926 2589 1086 2651 inquit,
1102 2593 1235 2649 Deus,
1259 2591 1343 2638 hoc
1362 2590 1552 2637 videbo?
