1888 3168
691 219 746 246 DE
778 215 934 246 MUSICA
966 217 1051 245 ns.
1088 218 1154 244 111.
1537 204 1617 245 391

747 504 967 557 CAPUT
1005 508 1094 556 IV.

635 647 909 717 Rlzytlzmus
929 654 1199 700 continuus.

277 797 380 840 VII.
400 796 461 841 M.
487 796 704 840 VmEs-NE
725 792 838 838 illud
860 792 990 838 etiam
1008 791 1089 838 ista
1117 791 1285 837 ratione
1303 791 1425 852 cogi,
1451 800 1502 836 ut
1522 792 1625 854 qui-

219 867 321 911 dam
341 865 475 928 pedes
508 867 617 922 sint,
645 866 721 927 qui
740 865 1002 924 rhythmum
1029 864 1289 909 continuare
1311 879 1402 909 non
1423 864 1626 925 possint?

218 941 328 985 Nam
361 938 485 1000 quod
522 937 578 983 de
615 936 986 999 proceleumatico
1023 937 1254 982 inventum
1290 945 1376 993 est,
1401 936 1473 981 cui
1510 934 1627 981 tollit

218 1009 497 1070 pyrrhichius
518 1009 839 1070 principatum,
865 1008 950 1052 hoc
974 1016 1017 1052 et
1034 1007 1089 1051 de
1112 1006 1307 1052 diiambo
1330 1016 1373 1053 et
1390 1007 1446 1052 de
1469 1005 1626 1053 dicho-

215 1081 281 1126 rio
305 1081 420 1125 etde
439 1080 680 1141 dispondeo
695 1081 926 1125 inventum
942 1087 1052 1140 puto
1071 1098 1079 1124 :
1096 1078 1177 1123 nisi
1194 1078 1276 1123 tibi
1293 1078 1414 1124 aliud
1430 1079 1622 1125 videtur,

216 1155 269 1197 D.
296 1150 414 1206 Quid
435 1151 542 1196 mihi
563 1150 684 1196 aliud
702 1150 841 1197 videri
859 1160 1024 1212 potest,
1047 1166 1148 1195 cum
1166 1150 1352 1211 probata
1364 1149 1439 1196 illa
1455 1151 1625 1196 ratione

215 1224 301 1270 hoc
323 1223 446 1286 quod
463 1224 662 1286 sequitur
683 1224 934 1285 improbare
951 1238 1042 1267 non
1063 1222 1225 1283 possim
1241 1225 1259 1268 Ξ)
1275 1226 1336 1269 Μ.
1359 1221 1472 1268 Vide
1492 1223 1625 1269 etiam

215 1296 319 1352 ista,
346 1306 390 1341 et
407 1312 611 1357 compara
635 1312 682 1341 ac
697 1294 862 1357 judica.
888 1295 999 1339 Nam
1020 1293 1215 1349 videtur,
1242 1310 1345 1339 cum
1372 1294 1457 1339 tale
1478 1294 1624 1340 incer-

218 1376 314 1410 tum
338 1368 504 1421 evenit,
530 1368 685 1425 plausu
710 1364 855 1425 potius
878 1362 1041 1408 debere
1063 1363 1249 1409 discerni
1271 1382 1362 1426 quo
1390 1366 1503 1426 pede
1521 1382 1625 1411 cur-

216 1447 340 1482 ratur
360 1457 369 1483 :
394 1446 446 1482 ut
477 1436 511 1482 si
534 1437 789 1498 pyrrhichio
825 1435 930 1481 velis
959 1452 1160 1494 currere,
1182 1453 1324 1482 unum
1347 1438 1428 1482 tibi
1451 1447 1625 1500 tempus

214 1507 455 1554 levandum
469 1544 480 1565 ,
505 1524 647 1553 unum
665 1508 926 1569 ponendum
950 1508 1024 1552 sit:
1042 1507 1075 1552 si
1096 1507 1465 1568 proceleumatico
1478 1508 1569 1555 duo
1581 1519 1625 1555 et

213 1579 325 1626 duo:
350 1580 409 1625 ita
433 1590 476 1625 et
494 1596 570 1641 pes
593 1580 844 1641 apparebit,
861 1589 905 1624 et
919 1579 1067 1624 nullus
1087 1579 1253 1641 pedum
1273 1581 1353 1626 erit
1371 1597 1395 1626 a
1423 1581 1623 1640 rhythmi

214 1651 551 1696 continuatione
599 1650 806 1696 seclusus.
843 1653 894 1695 D.
932 1651 1046 1695 Huic
1090 1651 1227 1711 magis
1273 1650 1401 1697 faveo
1443 1662 1621 1698 senten-

213 1722 285 1766 tiae
300 1758 311 1778 ‚
339 1738 440 1783 quae
463 1722 636 1767 nullum
668 1723 827 1782 pedem
852 1722 907 1764 ab
936 1722 1018 1764 hac
1040 1723 1318 1766 contextione
1346 1738 1437 1767 esse
1459 1724 1622 1769 immu-

212 1809 315 1837 nem
342 1792 459 1837 sinit.
484 1795 546 1837 M.
573 1795 709 1837 Recte
742 1790 869 1848 facis,
895 1800 940 1835 et
967 1807 1056 1853 quo
1089 1792 1224 1851 magis
1256 1792 1341 1837 hoc
1372 1795 1614 1854 approbes,

211 1863 438 1910 considera
474 1864 530 1909 de
565 1863 790 1909 tribracho
813 1862 926 1924 pede
955 1863 1064 1925 quid
1086 1863 1351 1924 respondere
1374 1868 1613 1927 possimus,

211 1935 246 1980 si
268 1935 554 1980 nihilominus
572 1935 758 1996 quisque
775 1934 1014 1980 contendat
1027 1951 1118 1982 non
1138 1936 1395 2003 pyrrhichio
1424 1948 1500 1984 aut
1513 1956 1618 2000 pro-

210 2007 496 2053 celeumatico
532 2007 664 2051 istum
703 2008 988 2066 rhythmum,
1032 2009 1109 2054 sed
1145 2009 1367 2056 tribracho
1418 2028 1610 2059 currere.

209 2081 262 2124 D.
288 2078 428 2124 Video
453 2078 671 2140 judicium
703 2077 760 2124 ad
782 2078 987 2139 plausum
1013 2079 1142 2125 illum
1171 2097 1262 2126 esse
1290 2083 1611 2143 revocandum,

208 2161 261 2196 ut
283 2152 317 2196 si
338 2167 479 2196 unum
503 2161 678 2212 tempus
704 2160 770 2196 est
802 2151 849 2195 in
870 2151 1111 2209 levatione,
1138 2152 1228 2199 duo
1249 2155 1295 2199 in
1312 2155 1548 2216 positione,
1569 2159 1615 2204 id

210 2233 296 2279 est,
318 2227 407 2268 una
443 2233 486 2268 et
516 2223 616 2268 duae
652 2222 855 2282 syllabae,
878 2233 954 2268 aut
976 2235 1127 2270 contra
1160 2225 1262 2271 duae
1284 2227 1330 2272 in
1364 2227 1581 2276 levatione
1598 2268 1610 2288 ,

209 2310 297 2338 una
318 2295 365 2337 in
386 2294 624 2355 positione,
649 2293 895 2339 tribrachus
916 2295 1150 2354 rhythmus
1173 2313 1263 2342 csse
1285 2298 1472 2345 dicatur.
1646 2292 1662 2299 ‘⁷

268 2362 393 2410 VIII‘.
428 2369 489 2410 M.
516 2370 650 2411 Recte
683 2367 904 2427 intelligis.
947 2370 1243 2424 Quamobrem
1272 2372 1363 2432 jam
1393 2372 1462 2418 dic
1503 2376 1611 2420 mihi

210 2446 362 2481 utrum
397 2436 617 2497 spondeus
639 2454 713 2498 pes
737 2439 991 2499 pyrrhichio
1012 2442 1223 2500 rhythmo
1244 2445 1380 2504 possit
1410 2446 1606 2506 adjungi.

210 2511 261 2553 D.
286 2507 419 2554 Nullo
437 2508 591 2554 modo:
617 2526 707 2555 non
724 2511 840 2555 enim
863 2511 1385 2575 continuabiturplausus
1407 2517 1608 2578 aequalis,

209 2595 310 2623 cum
338 2579 497 2625 levatio
524 2590 567 2625 et
594 2582 751 2640 positio
781 2582 825 2625 in
849 2583 1104 2642 pyrrhichio
1122 2585 1289 2643 singula
1312 2623 1322 2640 ,
1350 2588 1394 2632 in
1418 2588 1614 2648 spondeo
