1888 3168
325 170 409 207 270
760 181 794 207 s.
833 175 1064 207 Accuszrnw
1098 179 1280 208 muscom

322 345 1714 367 ΜΜᾸΝΜΜΜΜΝΚΜΜΜΜΜΜΜἏΜΜΜΜΜΜΙἎΜΜΜΜΜΜΜΜΝἉΝἋΜ

836 467 1056 518 CAPUT
1092 470 1202 520 XV.

560 611 800 677 Olgjz'ez'tm‘
828 614 1047 659 animam
1070 622 1216 660 (etate
1237 629 1470 661 crescere.

380 752 519 794 XXV.
557 752 642 796 sm>
665 750 721 795 ab
742 751 823 796 ista
851 751 1114 812 quaestione,
1139 751 1220 796 nisi
1242 751 1352 813 quid
1383 750 1528 796 adhuc
1551 759 1595 796 te
1616 765 1714 796 mo-

317 830 417 877 vet,
452 821 543 881 jam
575 821 855 878 recedamus,
891 822 925 866 si
947 821 1118 883 placet,
1144 832 1187 867 et
1220 821 1275 867 ad
1298 822 1381 867 alia
1415 832 1711 867 transeamus:

315 892 536 953 quidquid
557 903 705 938 autem
732 891 787 937 de
815 893 899 938 illis
920 894 1071 953 figuris
1092 893 1320 954 loquacius
1338 910 1362 938 a
1385 894 1511 938 nobis
1532 893 1714 938 fortasse

318 962 591 1023 disputatum
614 973 678 1009 est
699 980 831 1026 quam
864 964 1064 1020 volebas,
1087 964 1257 1030 videbis
1292 973 1511 1026 quantum
1549 963 1605 1008 ad
1631 963 1715 1009 alia

315 1035 505 1092 valebit,
543 1036 576 1081 si
610 1037 725 1080 hanc
748 1035 1110 1097 disceptationem
1135 1035 1303 1097 aliquid
1323 1051 1376 1080 eo
1405 1034 1601 1097 adjutam
1624 1050 1715 1079 esse

316 1108 519 1152 concedis
547 1127 557 1153 :
588 1124 689 1152 nam
712 1117 756 1152 et
778 1117 949 1153 exercet
977 1109 1172 1153 animum
1189 1108 1273 1152 hoc
1297 1123 1433 1167 genus
1464 1106 1716 1167 disciplina-

316 1194 414 1223 rum
431 1215 442 1235 ‚
474 1179 529 1223 ad
551 1179 780 1225 subtiliora
803 1179 1043 1236 cernenda„
1078 1196 1134 1224 ne
1160 1179 1260 1224 luce
1285 1178 1462 1224 illorum
1486 1193 1715 1239 repercus-

316 1265 386 1293 sus
399 1285 409 1305 ,
437 1259 480 1295 et
494 1266 589 1295 eam
605 1251 816 1296 sustinere
830 1267 922 1297 non
942 1251 1107 1307 valens,
1124 1250 1171 1295 in
1192 1250 1368 1296 easdem
1389 1250 1591 1296 tenebras
1606 1265 1715 1311 quas

314 1319 468 1379 fugere
490 1322 723 1380 cupiebat,
748 1322 938 1367 libenter
960 1321 1149 1382 refugiat
1167 1344 1179 1381 '⁷
1213 1331 1257 1367 et
1279 1323 1408 1367 affert
1430 1330 1685 1381 argumenta
1699 1356 1712 1377 ‚

316 1390 398 1434 nisi
420 1389 549 1435 fallor
565 1425 575 1445 ,
613 1390 875 1445 certissima,
901 1394 1063 1450 quibus
1089 1392 1212 1450 quod
1234 1392 1367 1437 fuerit
1387 1393 1618 1437 inventum
1647 1400 1715 1436 at-

315 1478 402 1523 que
423 1462 694 1518 confectum,
719 1460 1023 1522 impudentem
1038 1461 1198 1506 habeat
1215 1461 1551 1518 dubitationem,
1570 1478 1715 1524 quan-

313 1543 411 1578 tum
424 1535 595 1579 homiui
606 1533 708 1579 talia
722 1533 933 1592 vestigare
947 1534 1208 1594 permissum
1228 1543 1307 1579 est.
1332 1535 1479 1579 Minus
1501 1535 1619 1579 enim
1632 1550 1714 1595 ego

313 1603 370 1649 de
402 1604 470 1647 his
510 1606 641 1646 rebus
668 1604 850 1657 dubito,
874 1620 1010 1662 quam
1045 1604 1102 1649 de
1124 1604 1174 1649 iis
1191 1620 1299 1666 quas
1320 1605 1410 1649 istis
1431 1605 1568 1651 oculis
1590 1605 1714 1651 vide-

314 1690 412 1719 mus
441 1689 544 1719 cum
577 1671 738 1733 pituita
771 1687 941 1732 semper
962 1670 1131 1716 bellum
1154 1673 1421 1732 gerentibus.
1448 1675 1567 1728 Quid
1595 1677 1714 1721 enim

314 1747 457 1791 minus
481 1744 715 1790 ferendum
738 1753 782 1788 et
804 1742 1075 1788 audiendum
1097 1753 1162 1789 est
1176 1779 1187 1800 ‚
1220 1760 1354 1805 quam
1378 1745 1504 1790 fateri
1539 1762 1619 1792 nos
1640 1763 1712 1793 ra-

313 1817 434 1863 tione
452 1825 657 1877 praestare
679 1815 844 1871 bestiis,
866 1824 910 1860 et
924 1830 1020 1859 eam
1034 1831 1126 1859 rem
1143 1813 1270 1860 fateri
1284 1831 1375 1861 esse
1389 1815 1558 1878 aliquid
1577 1834 1712 1881 quam

313 1904 524 1948 corporeo
546 1886 714 1931 lumine
736 1885 971 1943 sentimus,
997 1902 1132 1947 quam
1151 1886 1283 1932 etiam
1303 1887 1532 1933 nonnullae
1559 1888 1712 1934 bestiae

313 1959 470 2005 melius
495 1966 709 2014 cernunt,
734 1956 781 2002 id
803 1966 949 2002 autem
979 1956 1102 2019 quod
1135 1957 1302 2003 ratione
1324 1958 1575 2016 intuemur,
1600 1959 1712 2004 nihil

313 2046 403 2076 esse
425 2029 720 2075 contendere?
744 2027 876 2082 Quod
896 2029 930 2074 si
951 2027 1170 2074 diceretur
1201 2029 1287 2074 tale
1308 2045 1422 2086 esse,
1446 2030 1575 2092 quale
1596 2030 1708 2075 illud

313 2112 400 2159 est,
419 2102 541 2164 quod
560 2100 678 2148 oculi
693 2100 863 2158 vident,
879 2100 993 2146 nihil
1013 2100 1212 2162 profecto
1233 2100 1320 2146 dici
1338 2117 1463 2163 posse
1483 2101 1709 2163 indignius

313 2173 553 2220 videretur.

371 2248 535 2291 XXVI.
571 2247 624 2290 E.
662 2243 843 2306 Accipio
870 2243 950 2289 ista
975 2242 1259 2290 libentissime
1288 2253 1423 2306 atque
1456 2245 1666 2291 assentior
1693 2264 1703 2291 :

313 2317 389 2362 sed
409 2316 522 2362 illud
538 2332 608 2362 me
639 2325 808 2371 movet,
842 2331 943 2360 cum
966 2331 1186 2376 corporeae
1211 2316 1466 2376 quantitatis
1494 2332 1584 2361 non
1616 2332 1706 2361 esse

313 2389 502 2434 animam
515 2423 526 2445 ,
547 2405 614 2433 res
635 2388 695 2433 ita
716 2388 830 2432 clara
852 2388 905 2432 sit
926 2387 1050 2444 mihi,
1069 2397 1120 2432 ut
1134 2387 1313 2433 omnino
1331 2387 1705 2449 quemadmodum

314 2460 509 2505 resistam
526 2459 609 2504 illis
633 2459 919 2517 argumentis,
945 2467 989 2503 et
1010 2459 1117 2519 quid
1139 2474 1290 2504 eorum
1314 2475 1404 2504 non
1436 2459 1673 2504 concedam
1689 2494 1699 2514 ‚

313 2549 487 2594 prorsus
510 2533 704 2592 ignorem
727 2550 736 2577 ε
759 2531 953 2576 Primum
975 2546 1054 2577 cur
1071 2539 1198 2578 aetate
1218 2541 1270 2577 ut
1286 2547 1443 2593 corpus
1460 2532 1626 2587 crescit,
1645 2532 1703 2576 ita
