1888 3168
680 200 734 227 DE
767 197 922 227 McsmA
956 199 1040 226 mu.
1078 200 1138 225 ιν.
1525 185 1609 225 429

214 262 374 308 deinde
397 264 506 310 duos
525 263 749 323 dactylos,
770 273 928 326 etpost
948 279 1037 308 una
1059 262 1190 323 longa
1212 261 1516 308 concludetur.
1547 263 1612 309 Si-

212 333 352 379 lemus
375 335 523 396 itaque
546 335 636 381 duo
659 345 856 397 tempora
881 343 982 396 post
999 333 1222 394 geminum
1242 333 1487 393 spondeum
1511 343 1613 378 ante

214 406 368 462 finem,
395 416 439 452 et
461 407 550 452 duo
572 407 618 451 in
642 408 729 452 fine
745 443 756 462 ‚
782 416 833 452 ut
865 406 995 452 ambo
1023 404 1156 466 pedes
1184 405 1474 466 impleantur,
1501 421 1613 467 quo-

215 492 311 521 rum
331 476 532 523 dimidias
547 487 691 539 partes
712 479 758 523 in
772 478 912 539 capite
937 487 1069 539 atque
1086 477 1133 521 in
1157 485 1350 521 extremo
1370 476 1608 536 posuimus.

272 551 371 594 XX.
398 552 730 612 Nonnunquam
750 561 899 596 tamen
921 548 1043 611 quod
1063 548 1241 594 duobus
1263 564 1354 594 non
1371 547 1510 609 plenis
1532 563 1611 608 pe-

215 619 345 665 dibus
367 620 556 667 debetur
583 623 629 668 in
651 623 866 684 principio
899 638 948 668 ac
982 622 1070 667 fine
1096 619 1341 676 collocatis,
1367 618 1489 665 finali
1511 629 1611 665 tan-

212 701 309 737 tum
342 691 514 739 silentio
549 693 772 752 redditur,
796 693 831 740 si
860 703 1035 739 tantum
1071 693 1128 738 sit
1159 701 1210 737 ut
1231 690 1402 737 dimidii
1423 691 1612 753 spatium

213 763 336 825 pedis
354 781 445 812 non
467 766 669 823 excedat,
690 766 838 828 qualia
859 766 955 811 haee
977 764 1067 811 duo
1090 772 1193 810 sunt
1214 783 1224 810 :

362 872 400 919 S
391 870 526 934 ylvce
549 871 829 920 laborantes
835 910 851 933 ,
874 870 1080 937 geluque

362 943 598 990 Flumina
618 946 916 992 constiterint
933 954 1093 992 acuto.

212 1043 382 1086 Horum
406 1042 524 1086 enim
549 1042 670 1102 prius
692 1042 845 1103 incipit
874 1057 899 1087 a
920 1039 1241 1102 palimbacchio
1261 1074 1271 1096 ,
1297 1037 1401 1084 inde
1423 1039 1612 1085 excurrit

209 1112 255 1157 in
291 1112 554 1170 molossum,
594 1123 640 1159 et
660 1113 845 1160 bacchio
867 1113 1129 1158 terminatur
1147 1131 1160 1157 -.
1186 1111 1369 1157 silentur
1390 1126 1494 1171 ergo
1522 1110 1612 1155 duo

210 1193 407 1245 tempora
424 1220 435 1241 ,
462 1201 654 1246 quorum
677 1200 818 1229 unum
843 1184 1028 1230 bacchio
1043 1218 1055 1240 ,
1084 1183 1270 1228 alterum
1292 1181 1612 1243 palimbacchio

208 1272 311 1302 cum
334 1257 599 1316 reddideris,
623 1274 728 1303 sena
759 1257 927 1318 ubique
949 1266 1147 1316 tempora
1169 1254 1489 1315 implebuntur.
1517 1256 1612 1298 Hoc

210 1337 360 1373 autem
393 1330 606 1389 posterius
635 1328 813 1388 dactylo
844 1328 1099 1383 inchoatur,
1125 1326 1229 1371 inde
1251 1326 1394 1387 pergit
1424 1326 1471 1370 in
1502 1325 1611 1370 eho-

208 1401 429 1445 riambum
448 1437 459 1458 ,
485 1400 706 1446 clauditur
738 1400 920 1446 bacchio
949 1420 958 1445 ;
991 1400 1073 1444 tria
1094 1399 1227 1459 igitur
1256 1407 1454 1459 tempora
1487 1397 1612 1442 silere

209 1473 451 1534 oportebit,
466 1474 570 1518 hine
582 1489 725 1518 unum
738 1473 939 1529 bacchio,
957 1472 1046 1518 duo
1065 1470 1243 1530 dactylo
1263 1469 1608 1526 redhibebimus,

208 1554 259 1590 ut
279 1545 326 1589 in
350 1545 556 1590 omnibus
576 1546 662 1590 sint
682 1561 787 1590 sena
804 1554 1018 1604 tempora.

266 1619 390 1661 XXI.
428 1617 551 1661 Prius
583 1626 730 1661 autem
767 1614 967 1661 redditur
1005 1614 1128 1676 quod
1165 1614 1353 1660 debetur
1384 1611 1611 1674 implendo

208 1696 402 1732 extremo
439 1686 565 1747 pedi,
597 1702 727 1748 quam
754 1686 799 1730 in
821 1686 1037 1747 principio
1061 1686 1300 1731 constituto
1333 1705 1343 1731 :
1378 1701 1458 1730 nee
1487 1684 1611 1729 aliter

206 1751 390 1804 omnino
412 1759 507 1803 fieri
525 1774 649 1802 aures
678 1758 844 1803 sinunt.
869 1760 959 1803 Nec
977 1757 1139 1802 mirum
1173 1777 1180 1802 :
1206 1757 1253 1801 id
1275 1757 1392 1801 enim
1415 1772 1516 1801 cum
1542 1772 1610 1801 re-

210 1830 398 1891 petimus
414 1865 425 1886 ,
468 1828 724 1890 adjungitur
747 1828 879 1889 capiti
911 1829 1033 1890 quod
1055 1845 1231 1889 prorsus
1254 1837 1494 1872 extremum
1527 1837 1605 1872 est.

210 1905 364 1962 Itaque
387 1901 433 1945 in
454 1900 539 1946 hoc
562 1910 702 1946 metro
731 1900 854 1961 quod
873 1899 1042 1945 dietum
1066 1909 1151 1955 est,
1177 1899 1230 1944 F
1229 1898 1411 1944 [lamina
1433 1899 1610 1943 consti-

210 1973 353 2018 terint
374 1982 519 2017 acuto
543 1989 555 2017 .·
581 1988 684 2017 cum
718 1972 801 2017 tria
830 1981 1027 2033 tempora
1059 1971 1170 2016 senis
1196 1971 1350 2032 utique
1378 1970 1610 2031 implendis

209 2043 471 2100 debeantur,
497 2045 532 2089 si
554 2060 602 2089 ea
620 2060 711 2089 non
727 2043 899 2089 silentio
913 2042 1019 2088 velis
1031 2079 1042 2099 ,
1059 2042 1136 2088 sed
1152 2058 1258 2088 voce
1282 2041 1479 2098 reddere,
1506 2058 1609 2102 pos-

211 2117 385 2180 sintque
407 2115 532 2162 reddi
555 2126 599 2162 et
619 2133 696 2178 per
717 2116 936 2172 iambum,
958 2125 1001 2160 et
1023 2131 1100 2176 per
1123 2115 1344 2170 chorium,
1371 2124 1414 2158 et
1433 2130 1511 2175 per
1537 2115 1611 2159 tri-

211 2189 447 2246 brachum,
482 2189 586 2250 quia
618 2205 768 2234 omnes
801 2197 924 2232 terna
963 2196 1160 2248 tempora
1193 2187 1445 2248 possident,
1485 2185 1609 2231 nullo

211 2260 344 2306 modo
368 2277 417 2306 ea
441 2276 519 2322 per
541 2260 744 2306 chorium
768 2258 892 2304 reddi
911 2274 1058 2303 sensus
1082 2258 1173 2319 ipse
1191 2258 1404 2319 permittit
1421 2294 1431 2313 ,
1457 2257 1502 2301 in
1520 2274 1610 2319 quo

211 2333 329 2393 prior
350 2342 414 2378 est
434 2331 567 2393 longa
600 2330 769 2391 syllaba
785 2366 796 2387 ,
822 2330 966 2376 brevis
997 2330 1209 2391 posterior
1234 2349 1243 2375 ε
1278 2329 1324 2373 id
1352 2329 1467 2374 enim
1490 2329 1609 2389 prius

212 2420 367 2450 sonare
389 2404 544 2461 debet,
563 2403 687 2466 quod
708 2402 890 2448 bacchio
912 2402 1101 2447 debetur
1118 2410 1333 2457 extremo,
1354 2400 1400 2445 id
1422 2410 1485 2445 est
1506 2401 1609 2444 bre-

213 2475 277 2521 vis
309 2474 504 2534 syllaba,
530 2491 621 2521 non
648 2474 807 2535 longa,
843 2489 944 2536 quae
976 2472 1153 2533 dactylo
1190 2473 1348 2534 primo.
1383 2472 1505 2517 Licet
1526 2472 1609 2516 hoc

214 2547 437 2608 explorare
453 2547 520 2592 his
542 2545 747 2608 exemplis
769 2564 779 2591 z
