1888 3168
321 217 404 254 556
750 228 782 254 s.
820 225 1050 256 AUGUSTINI
1088 228 1271 255 EPIScom

319 292 489 347 doceri,
512 301 555 336 01
576 292 872 352 cognitionem
894 295 1030 355 ipsam
1057 294 1184 353 signis
1205 293 1366 355 quibus
1386 294 1705 352 cognoscimus,
1746 321 1762 326 -

317 364 558 408 chariorem
571 364 697 409 nobis
706 381 795 410 esse
806 375 1006 426 oportere
1020 386 1028 411 2
1043 365 1240 427 quamvis
1253 381 1343 410 non
1357 365 1504 410 omnia
1516 380 1616 425 quae
1629 364 1712 424 sig-

318 435 555 479 nificantur
576 436 742 495 possint
762 437 890 495 signis
913 437 998 481 suis
1023 452 1112 481 esse
1128 437 1312 497 potiora.
1333 439 1415 481 An.
1439 439 1505 480 Ita
1516 434 1706 480 videtur.

317 509 429 550 Am.
452 508 626 559 Quanto
649 505 827 551 tandem
849 507 1035 560 circuitu
1057 522 1122 552 res
1137 506 1306 552 tantilla
1322 515 1496 567 peracta
1518 506 1592 562 sit,
1614 520 1709 549 me-

316 578 562 622 ministi-nc
574 595 723 639 quaeso
737 582 754 623 P
768 582 878 624 Nam
891 595 943 623 ex
962 595 1050 640 quo
1070 578 1184 624 inter
1199 593 1277 623 nos
1293 579 1425 624 verba
1439 577 1708 638 jaculamur,

316 648 437 708 quod
460 658 534 694 tan
567 649 644 694 diu
665 650 872 706 fecimus,
903 651 999 695 haec
1022 651 1103 694 tria
1126 659 1176 694 ut
1212 649 1513 694 invenirentur
1534 648 1710 693 labora-

316 728 412 762 tum
434 728 519 764 est:
546 729 695 765 utrum
725 719 833 764 nihil
856 720 947 764 sine
970 721 1100 780 signis
1133 719 1269 780 possit
1291 718 1468 777 doceri·⁷
1494 727 1539 763 et
1561 727 1712 762 utrum

315 790 400 834 sint
433 786 633 852 quae'dam
656 792 777 850 signa
799 791 930 836 rebus
951 807 1059 852 quas
1078 791 1324 850 significant
1345 789 1644 851 praeferenda3
1668 798 1712 833 et

315 871 467 906 utrum
499 863 654 907 melior
691 879 824 924 quam
863 864 983 922 signa
1005 863 1059 908 sit
1094 878 1240 907 rerum
1277 863 1369 923 ipsa
1392 862 1598 922 cognitio.
1627 860 1713 906 Sed

313 944 520 995 quartum
556 945 641 990 est,
669 935 791 996 quod
820 936 1010 981 breviter
1040 936 1114 980 abs
1142 945 1185 979 te
1219 933 1380 980 vellem
1423 948 1707 993 cognoscere,

315 1015 569 1050 utrumnam
597 1008 672 1051 ista
704 1007 881 1052 inventa
904 1008 963 1052 sic
990 1017 1139 1068 putes,
1165 1017 1216 1051 ut
1229 1008 1322 1068 jam
1345 1007 1400 1051 de
1421 1006 1487 1051 his
1510 1005 1713 1050 dubitare

315 1094 405 1122 non
435 1079 583 1138 possis.
611 1082 694 1124 An.
721 1078 891 1124 Vellem
914 1079 1093 1140 quidem
1120 1079 1251 1124 tantis
1284 1078 1541 1138 ambagibus
1577 1087 1709 1138 atquc

314 1147 582 1194 anfractibus
613 1159 724 1194 esset
747 1149 801 1195 ad
823 1159 941 1194 certa
963 1159 1250 1210 perventum,
1271 1148 1347 1194 sed
1369 1158 1412 1193 et
1440 1149 1520 1193 ista
1544 1148 1710 1206 rogatio

314 1229 389 1264 tua
412 1220 557 1264 neseio
582 1220 806 1282 quomodo
829 1237 899 1265 me
917 1220 1142 1281 sollicitat,
1167 1230 1210 1265 et
1233 1221 1287 1264 ab
1310 1220 1555 1264 assensione
1572 1218 1713 1262 deter-

312 1301 392 1335 ret.
422 1291 591 1335 Videris
614 1291 730 1335 enim
758 1291 866 1335 mihi
884 1307 974 1336 non
996 1292 1091 1336 haec
1107 1291 1162 1335 de
1179 1306 1249 1335 me
1272 1289 1403 1335 fuisse
1425 1290 1709 1351 quaesiturus,

314 1363 394 1406 nisi
416 1363 598 1407 haberes
621 1362 742 1424 quod
765 1364 1104 1408 contradiceres:
1131 1363 1283 1422 etipsa
1306 1377 1454 1407 rerum
1475 1360 1713 1421 implicatio

320 1443 458 1478 totum
477 1450 545 1478 me
559 1434 772 1493 inspicere
788 1470 798 1490 ,
820 1451 869 1479 ac
887 1451 1089 1480 securum
1110 1433 1373 1494 respondere
1390 1449 1481 1478 non
1497 1433 1619 1488 sinit,
1639 1447 1715 1477 ve-

316 1515 483 1548 rentem
501 1521 556 1549 110
573 1505 681 1566 quid
698 1506 743 1549 in
761 1507 890 1550 tantis
902 1506 1138 1551 involueris
1154 1506 1286 1549 lateat
1301 1540 1311 1559 ,
1333 1503 1453 1565 quod
1466 1505 1576 1548 acies
1591 1519 1714 1547 men-

316 1576 370 1620 tis
391 1591 500 1619 mere
523 1575 707 1619 lustrare
729 1591 818 1620 non
839 1577 987 1635 possit.
1010 1580 1123 1620 Auo.
1140 1576 1471 1620 Dubitationem
1486 1584 1609 1618 tuam
1626 1590 1716 1619 11011

318 1647 478 1691 invitus
505 1646 693 1706 accipio,
719 1647 932 1705 significat
958 1647 1076 1690 enim
1109 1646 1304 1691 animum
1330 1645 1508 1689 minime
1530 1655 1716 1691 temera-

319 1720 457 1764 rium:
484 1735 582 1779 quae
605 1719 804 1763 custodia
827 1718 1154 1780 tranquillitatis
1168 1728 1231 1762 est
1247 1718 1449 1762 maxima.
1476 1720 1586 1764 Nam
1599 1718 1718 1762 diffi-

320 1789 533 1834 cillimum
547 1790 726 1834 omnino
744 1799 909 1834 estnon
926 1789 1198 1849 perturbari,
1217 1803 1319 1833 011111
1339 1805 1387 1833 03
1405 1805 1505 1849 quae
1522 1804 1660 1849 prona
1674 1797 1718 1834 et

319 1860 511 1922 procliva
529 1862 843 1921 approbatione
865 1862 1146 1917 tenebamus,
1168 1860 1393 1905 contrariis
1412 1859 1719 1920 disputationi-

322 1932 403 1976 bus
421 1931 741 1976 labefactantur
759 1942 801 1976 ct
817 1932 939 1992 quasi
954 1940 1269 1992 extorquentur
1284 1947 1306 1974 e
1320 1930 1535 1975 manibus.
1554 1934 1715 1988 Quare,

321 2013 371 2047 ut
394 2019 572 2063 {equum
593 2012 656 2047 cst
677 2003 791 2047 bene
814 2003 1095 2048 consideratis
1119 2003 1444 2062 perspectisque
1476 2002 1718 2046 rationibus

323 2074 500 2129 cedere,
531 2074 591 2118 ita
625 2074 847 2133 incognita
880 2089 959 2133 pro
992 2073 1176 2133 cognitis
1207 2073 1370 2117 habere
1402 2072 1715 2133 periculosum.

321 2150 465 2192 Metus
487 2156 550 2190 est
575 2146 691 2190 enim
714 2162 768 2190 ne
789 2162 891 2191 cum
914 2162 1028 2206 saepe
1048 2146 1324 2189 subruuntur
1346 2160 1445 2205 quce
1476 2145 1718 2190 firmissime

324 2227 487 2262 statura
511 2228 553 2262 et
575 2234 779 2262 mansura
800 2218 1127 2278 praesumimus,
1152 2218 1198 2261 in
1215 2225 1389 2261 tantum
1412 2216 1563 2261 odium
1579 2216 1647 2261 vel
1667 2217 1721 2260 ti-

322 2306 489 2334 morem
521 2290 697 2334 rationis
717 2290 984 2345 incidamus,
1010 2298 1061 2334 ut
1084 2306 1139 2334 nc
1161 2289 1242 2349 ipsi
1264 2287 1443 2350 quidem
1477 2288 1718 2349 perspicuae

325 2363 495 2407 veritati
520 2363 625 2406 fides
648 2361 850 2406 habenda
872 2362 1087 2407 videatur.

381 2435 571 2476 xxxii.
611 2432 695 2478 Sed
717 2449 794 2491 age
817 2448 936 2477 nunc
969 2432 1212 2493 expeditius
1235 2441 1518 2477 retractemus
1534 2469 1543 2487 ,
1570 2441 1720 2476 utrum

323 2513 439 2548 recte
459 2504 537 2548 ista
551 2503 792 2548 dubitanda
806 2505 1040 2564 putaveris
1062 2507 1173 2550 Nam
1190 2520 1341 2565 quaero
1364 2505 1439 2548 abs
1462 2513 1527 2560 te,
1548 2504 1581 2548 si
1599 2503 1719 2564 quis-

322 2591 453 2635 quam
492 2575 664 2634 ignarus
700 2575 966 2636 deceptionis
995 2575 1164 2631 avium,
1189 2591 1289 2636 quae
1311 2574 1487 2621 calamis
1520 2583 1563 2619 ct
1592 2573 1709 2618 visco
