1888 3168
280 190 359 229 538
710 198 742 226 3.
782 198 1013 228 AUGUSTINI
1046 200 1227 228 EPISCOI‘I

277 267 453 310 valuero
481 283 488 309 ε
507 279 606 309 nam
630 265 772 309 verbis
795 264 849 310 de
870 266 1012 311 verbis
1035 281 1160 325 agere
1185 275 1270 311 tam
1294 266 1565 326 implicatum
1586 276 1665 322 est,

277 351 407 396 qnam
441 336 598 394 digitos
619 335 762 395 digitis
791 336 976 381 inserere
1009 347 1050 381 ct
1082 336 1349 395 confricar03
1379 338 1457 382 ubi
1479 339 1549 382 vix
1569 338 1668 397 dig-

277 407 492 461 noscitur,
519 406 598 451 nisi
619 407 674 450 ab
701 421 752 452 eo
774 407 866 467 ipso
889 408 966 467 qui
991 406 1036 451 id
1055 409 1164 466 agit,
1187 409 1264 468 qui
1296 408 1421 468 digiti
1442 409 1641 469 pruriant
1655 444 1667 465 ‚

276 478 413 539 etqui
431 477 695 523 auxilientur
711 478 1023 538 prurientibus.
1042 482 1123 524 An.
1144 482 1212 525 En
1226 489 1316 525 toto
1338 480 1486 526 animo
1498 479 1668 536 adsum,

277 565 376 594 nam
395 549 473 594 ista
482 549 575 594 haec
584 548 823 594 similitudo
838 564 907 593 me
922 550 1256 595 intentissimum
1266 548 1383 596 fecit.
1396 555 1511 597 Am.
1527 551 1672 597 Verba

275 630 394 666 certe
417 636 540 675 sono,
567 629 610 665 et
628 620 781 665 litteris
805 630 1021 666 constant.
1047 625 1129 666 An.
1153 625 1218 668 Ita
1240 632 1318 668 est.
1344 626 1458 669 Am.
1485 625 1602 682 Ergo
1624 631 1674 673 ut

275 707 325 739 ea
347 692 627 752 potissimum
647 692 904 737 auctoritate
926 701 1128 748 utamur,
1155 709 1255 753 quae
1276 694 1404 740 nobis
1425 693 1674 739 charissima

276 773 356 820 est,
382 779 486 808 cum
509 764 568 809 ait
590 763 750 808 Paulus
775 763 1020 824 apostolus:
1053 784 1073 807 «
1100 766 1198 811 Non
1219 774 1312 810 erat
1334 766 1379 809 in
1414 765 1590 816 Christo
1611 773 1676 809 est

278 854 301 878 «
335 844 379 880 et
400 851 506 890 non,
532 834 609 879 sed
630 843 695 879 est
717 835 762 879 in
783 833 860 880 illo
883 844 975 879 erat
1000 837 1030 891 ¹,
1059 854 1079 879 »
1099 851 1205 891 non,
1232 836 1403 896 opinor,
1429 834 1675 897 putandum

277 916 341 952 est
363 916 448 952 tres
471 907 570 951 istas
593 904 775 962 litteras,
802 923 910 966 quas
932 908 1214 952 enuntiamus
1235 923 1338 953 cum
1360 907 1560 963 dicimus,
1587 915 1672 962 est,

276 977 408 1022 fuisse
429 977 474 1023 in
496 977 669 1022 Christo
685 1012 696 1032 ,
721 976 798 1022 sed
813 976 924 1022 illud
946 979 1092 1037 potius
1113 977 1233 1039 quod
1252 978 1341 1023 istis
1362 977 1504 1022 tribus
1524 976 1678 1023 litteris

275 1049 559 1107 significatur.
586 1051 667 1094 An.
694 1050 859 1093 Verum
882 1049 1005 1094 dicis.
1036 1052 1151 1095 Am.
1190 1049 1403 1108 Intelligis
1425 1049 1556 1108 igitur
1577 1063 1679 1093 eum

275 1119 353 1178 qui
372 1119 453 1177 ait,
484 1138 505 1162 «
531 1121 608 1164 Est
620 1119 667 1164 in
683 1118 759 1164 1110
781 1129 897 1175 erat,
917 1138 937 1161 »
964 1120 1073 1165 nihil
1095 1119 1215 1165 aliud
1235 1120 1388 1165 dixisse
1411 1134 1560 1180 quam,
1583 1117 1680 1164 Est

277 1188 522 1249 appellatur
544 1191 667 1251 quod
688 1191 735 1235 in
753 1190 828 1236 illo
846 1201 939 1236 erat
956 1227 966 1247 ,
1001 1201 1225 1253 tamquam
1249 1192 1281 1236 si
1310 1191 1511 1249 dixisset,
1532 1191 1680 1236 Virtus

278 1262 323 1305 in
356 1260 432 1306 illo
465 1271 580 1319 erat3
619 1277 710 1307 11011
744 1263 900 1323 utique
944 1262 1065 1307 aliud
1093 1262 1248 1308 dixisse
1278 1262 1575 1322 acciperetur,
1599 1261 1680 1306 nisi

276 1333 412 1377 virtus
436 1331 683 1393 appellatur
708 1332 829 1393 quod
848 1334 895 1377 in
913 1332 990 1378 illo
1012 1343 1102 1379 erat
1127 1353 1135 1378 ε
1161 1348 1217 1377 11θ
1238 1333 1347 1378 duas
1368 1334 1468 1378 istas
1491 1331 1681 1391 syllabas

276 1419 385 1464 quas
403 1404 697 1460 enuntiamus,
718 1420 820 1450 cum
835 1403 1042 1461 dicimus,
1064 1406 1212 1449 Virtus
1227 1440 1238 1460 ,
1262 1413 1306 1448 et
1321 1419 1411 1449 non
1429 1402 1545 1448 illud
1559 1403 1683 1463 quod

278 1475 344 1519 his
362 1475 534 1519 duabus
546 1474 725 1532 syllabis
742 1475 1029 1533 significatur.
1051 1475 1183 1520 1111110
1196 1474 1327 1519 fuisse
1347 1474 1677 1519 arbitraremur.

278 1549 360 1591 An.
387 1544 591 1604 Intelligo
615 1560 663 1592 ac
687 1559 860 1604 sequor.
878 1549 990 1588 Ate.
1012 1545 1145 1599 Quid,
1181 1544 1293 1589 illud
1310 1559 1458 1589 nonne
1475 1543 1683 1603 intelligis

278 1617 407 1661 etiam
425 1615 535 1660 nihil
553 1616 759 1660 interesse
780 1624 933 1659 utrum
955 1615 1142 1675 quisque
1162 1613 1300 1670 dicat,
1326 1615 1463 1660 virtus
1488 1614 1683 1675 appella-

280 1697 365 1744 tur,
392 1704 447 1732 an
458 1688 595 1732 virtus
609 1686 897 1732 nominatur?
919 1688 1003 1730 Αι).
1027 1684 1314 1731 Manifestum
1336 1694 1415 1731 est.
1437 1688 1551 1731 Aue.
1565 1687 1683 1745 Ergo

277 1761 338 1805 ita
362 1757 644 1804 manifestum
668 1766 753 1812 est,
780 1756 890 1801 nihil
917 1758 1123 1802 interesse
1144 1766 1295 1802 utrum
1316 1757 1414 1818 quis
1439 1756 1579 1814 dicat,
1604 1759 1683 1803 Est

279 1830 540 1892 appellatur,
572 1846 627 1874 an
652 1832 731 1874 Est
757 1828 1010 1873 nominatur
1036 1827 1160 1889 quod
1185 1828 1232 1871 in
1263 1826 1348 1873 illo
1361 1837 1469 1873 erat.
1494 1830 1578 1874 An.
1606 1828 1685 1872 Vi-

279 1901 362 1947 deo
394 1910 439 1945 et
469 1901 540 1946 hic
564 1900 674 1945 nihil
704 1899 878 1944 distare.
908 1902 1021 1943 Auo.
1053 1901 1231 1943 Jam-ne
1257 1898 1389 1942 etiam
1425 1897 1547 1942 vides
1574 1897 1683 1958 quid

279 1972 411 2017 velim
433 1970 688 2017 ostendere?
709 1973 790 2015 AD.
826 1970 1033 2015 Nondum
1056 1984 1169 2014 sane.
1196 1972 1310 2014 Am.
1333 1972 1482 2014 Ita-ne
1514 1977 1565 2013 tu
1592 1984 1684 2014 non

279 2043 400 2088 vides
422 2057 586 2087 nomen
607 2056 696 2086 esse
728 2040 773 2085 id
798 2056 886 2102 quo
909 2056 974 2085 res
996 2040 1141 2101 aliqua
1166 2041 1447 2085 nominatur?
1471 2042 1554 2084 An.
1586 2041 1683 2084 Hoc

279 2113 410 2174 plane
422 2112 532 2158 nihil
543 2113 702 2158 certius
715 2111 858 2157 video.
880 2115 994 2158 Am.
1010 2111 1142 2156 Vides
1161 2127 1278 2170 ergo,
1298 2114 1376 2156 Est
1389 2126 1553 2156 nomen
1569 2125 1676 2167 esse,

281 2185 495 2246 siquidem
517 2183 629 2229 illud
649 2183 771 2244 quod
793 2193 885 2228 erat
905 2184 953 2227 in
976 2183 1070 2239 illo,
1099 2185 1176 2228 Est
1195 2183 1464 2227 nominatur.
1490 2185 1573 2226 An.
1597 2184 1684 2227 Ne-

281 2271 383 2316 gare
406 2271 496 2300 non
518 2269 708 2316 possum.
735 2257 848 2299 Aca.
872 2256 930 2298 At
946 2254 979 2298 si
997 2269 1049 2298 ex
1070 2262 1114 2297 te
1140 2268 1381 2314 quaererem
1398 2268 1498 2313 quae
1514 2252 1568 2296 sit
1584 2266 1683 2312 pars

282 2327 504 2382 orationis,
528 2330 630 2382 Est,
650 2341 739 2370 non
763 2325 919 2385 opinor
940 2340 1119 2381 nomen,
1144 2323 1220 2370 sed
1241 2323 1427 2368 verbum
1448 2339 1539 2368 esse
1560 2322 1683 2368 dice-

282 2414 347 2443 res
362 2433 372 2453 ,
398 2412 499 2442 cum
518 2396 563 2440 id
585 2397 694 2441 ratio
716 2395 846 2440 etiam
873 2411 1035 2440 nomen
1057 2411 1147 2441 esse
1176 2395 1388 2440 docuerit.
1417 2393 1502 2439 Ad.
1529 2397 1596 2438 Ita
1618 2402 1684 2438 est

282 2483 456 2529 prorsus
474 2477 523 2511 ut
551 2466 670 2511 dicis.
700 2470 811 2511 Ate.
853 2469 968 2513 Num
993 2466 1136 2512 adhuc
1166 2466 1340 2511 dubitas
1377 2465 1481 2510 alias
1504 2479 1682 2525 quoque

328 2560 337 2577 ¹
363 2565 391 2586 1.
407 2555 480 2586 Cor.
503 2565 535 2594 1,
560 2564 611 2595 19.
636 2551 685 2584 «αἱ
704 2550 755 2584 m).
776 2551 824 2583 rja.
