1888 3168
276 171 359 211 53ss
715 179 748 209 s.
786 178 1014 211 Arousrim
1047 182 1226 211 Emscort

277 250 453 293 nomina
476 260 553 292 nos
576 247 744 293 dicere?
763 251 845 293 An.
875 247 925 293 ld
951 263 1127 309 quoque
1148 248 1252 293 scio.
1279 252 1391 294 Ace.
1420 252 1507 295 Seis
1528 252 1656 309 igitur

276 331 365 363 tani
380 333 541 363 nomen
552 318 704 374 verbo,
725 334 858 379 quam
875 319 1004 363 etiam
1018 319 1201 364 verbum
1215 319 1392 365 nomine
1407 320 1652 380 significari.

273 392 355 436 An.
382 389 618 435 Assentior.
644 393 756 434 Ano.
777 393 986 435 Potes-ne
1007 389 1172 447 dicere,
1193 400 1371 451 excepto
1384 405 1435 435 eo
1452 391 1572 452 quod
1592 390 1659 436 di-

275 476 397 507 vcrse
431 462 682 507 scribimtur
703 471 746 506 et
772 470 953 516 sonant,
978 461 1087 522 quid
1107 461 1220 506 inter
1240 477 1283 506 se
1316 461 1552 507 differant?
1573 465 1655 507 An.

278 536 460 579 Possum
478 532 680 591 fortasse3
701 548 800 578 nam
817 532 864 576 id
880 548 968 577 esse.
989 532 1117 578 video
1140 532 1260 593 quod
1282 534 1412 594 paulo
1431 543 1530 578 ante
1552 532 1655 578 dixi.

277 604 422 648 Verba
445 605 562 649 enim
583 619 683 649 cum
705 603 905 658 dicimus,
927 619 1055 648 omne
1072 603 1192 665 quod
1205 602 1429 649 articulata
1439 619 1546 650 voce
1558 618 1660 648 cum

276 675 423 736 aliquo
457 676 702 734 significatu
735 672 981 734 profertur,
1017 674 1335 734 significamus3
1377 674 1494 719 unde
1531 689 1661 719 omne

274 762 461 803 nomen,
491 757 535 792 et
561 748 703 807 ipsum
724 762 826 791 cum
855 745 1037 791 dicimus
1070 762 1231 791 nomen
1247 782 1258 803 ‚
1283 747 1469 791 verbum
1498 756 1561 792 est
1584 766 1593 792 ε
1619 754 1661 791 at

272 834 364 863 non
383 834 512 863 omne
526 819 710 863 verbum
733 833 895 864 nomen
926 828 1012 875 est,
1043 819 1239 880 quamvis
1266 833 1429 864 nomen
1456 819 1535 875 sit,
1561 834 1661 864 cum

272 889 458 936 dicimus
479 890 679 935 verbum.

334 965 439 1006 ΧΠ.
467 965 579 1007 Am.
604 961 722 1016 Quid
743 963 778 1007 si
797 963 1030 1024 quisquam
1045 963 1126 1008 tibi
1148 963 1335 1008 affirmet
1356 971 1400 1008 et
1420 963 1594 1023 probet,
1614 971 1664 1007 ut

272 1048 403 1077 omne
425 1034 587 1078 nomon
603 1033 788 1077 verbum
806 1043 869 1078 est
884 1069 895 1089 ,
922 1034 981 1078 ita
997 1049 1128 1079 omne
1157 1034 1344 1079 verbum
1365 1049 1527 1079 nomen
1548 1048 1662 1093 esse3

275 1105 514 1164 poteris-ne
534 1104 729 1149 invenire
750 1103 859 1166 quid
879 1104 1055 1161 distent,
1077 1113 1236 1165 praeter
1256 1104 1475 1150 diversum
1487 1105 1532 1149 in
1545 1105 1664 1150 litte-

273 1175 331 1219 ris
354 1176 542 1220 sonum?
569 1178 652 1220 An.
683 1177 780 1220 Non
805 1185 958 1235 potero
973 1210 984 1231 ‚
1011 1190 1091 1220 nee
1114 1176 1293 1221 omnino
1320 1175 1479 1221 distare
1500 1175 1667 1236 aliquid

273 1248 417 1307 puto?
444 1249 557 1291 Ate„
592 1246 709 1300 Quid
727 1247 760 1291 si
783 1247 929 1292 omnia
951 1247 1128 1308 quidem
1142 1283 1152 1303 ‚
1187 1263 1286 1309 quae
1306 1263 1413 1293 voce
1440 1245 1666 1293 articulata

274 1333 377 1361 cum
406 1316 553 1378 aliquo
573 1318 818 1377 significatu
841 1315 1151 1377 proferuntur,
1174 1327 1218 1362 et
1240 1319 1374 1363 verba
1401 1327 1504 1363 sunt
1519 1327 1563 1363 et
1582 1333 1666 1363 no-

274 1388 416 1439 mina3
436 1388 509 1432 sed
533 1397 679 1432 tamen
694 1387 775 1432 alia
799 1388 854 1432 de
877 1404 1005 1433 causa
1026 1389 1175 1444 verba,
1193 1398 1236 1433 et
1259 1388 1341 1434 alia
1358 1388 1413 1434 de
1434 1405 1561 1434 causa
1583 1405 1666 1434 no-

275 1459 395 1503 mina
413 1468 530 1513 sunt,
556 1459 750 1503 nihil-no
769 1458 947 1504 distabit
967 1461 1080 1504 inter
1101 1476 1262 1505 nomen
1285 1469 1327 1504 et
1349 1460 1564 1505 verbum?
1579 1464 1661 1505 An.

272 1529 506 1583 Quomodo
523 1529 639 1573 istud
649 1530 707 1584 sit,
721 1545 810 1574 non
820 1529 1030 1588 intelligo
1042 1533 1155 1574 Am.
1174 1533 1268 1575 Hoc
1279 1529 1433 1575 saltem
1447 1529 1663 1588 intelligis,

274 1617 406 1647 omne
438 1600 681 1647 coloratum
698 1601 868 1646 visibile
889 1611 1050 1657 esse‚et
1068 1601 1372 1647 omnevisibile
1400 1601 1664 1659 coloratum,

277 1675 474 1735 quamvis
484 1675 578 1719 haec
591 1673 679 1719 duo
688 1673 824 1718 verba
838 1673 1040 1718 distincte
1056 1674 1399 1736 differenterque
1408 1674 1665 1733 significent.

274 1748 356 1791 An.
375 1743 591 1803 Intelligo.
607 1748 720 1790 Arc.
738 1742 856 1798 Quid
868 1744 900 1789 si
910 1760 1013 1804 ergo
1025 1745 1085 1788 ita
1097 1753 1141 1789 et
1154 1759 1283 1790 omne
1290 1745 1476 1790 verbum
1487 1761 1664 1802 nomen,

276 1827 319 1862 et
333 1831 462 1862 omne
476 1831 638 1861 nomen
648 1815 834 1860 verbum
843 1825 921 1871 est,
938 1815 1138 1877 quamvis
1147 1816 1242 1860 haec
1254 1816 1347 1876 ipsa
1368 1815 1457 1861 duo
1471 1817 1644 1862 nomina
1653 1852 1664 1872 ‚

276 1889 348 1934 vel
369 1889 458 1934 duo
480 1888 629 1942 verba,
649 1886 695 1932 id
716 1897 794 1943 est,
815 1903 977 1933 nomen
993 1896 1037 1932 et
1056 1887 1259 1944 verbum,
1277 1887 1554 1934 differentem
1584 1889 1667 1934 ha-

278 1961 413 2006 beant
440 1960 816 2020 significationem.
842 1962 924 2004 AD.
946 1961 971 2003 J
975 1974 1046 2003 am
1067 1959 1195 2004 video
1217 1974 1342 2020 posse
1360 1959 1407 2004 id
1428 1959 1626 2006 accidere
1654 1976 1663 2003 :

275 2032 352 2078 sed
370 2031 594 2093 quomodo
608 2029 653 2074 id
681 2029 872 2086 accidat,
893 2039 1073 2090 expecto
1094 2039 1145 2075 ut
1162 2029 1379 2076 ostendas.
1396 2034 1510 2076 Aca.
1527 2033 1669 2076 Omne

274 2103 397 2166 quod
429 2118 531 2148 cum
555 2102 701 2163 aliquo
729 2102 973 2162 significatu
1001 2101 1227 2147 articulata
1255 2117 1362 2147 voce
1391 2104 1637 2163 prorumpit
1654 2138 1666 2159 ,

277 2174 584 2219 animadvertis
599 2208 609 2228 ,
630 2182 680 2216 ut
701 2173 872 2232 opinor,
898 2181 942 2216 et
964 2187 1113 2217 aurem
1134 2173 1385 2229 verberare,
1418 2176 1469 2218 u‘t
1489 2174 1638 2218 sentiri
1655 2195 1667 2232 3
1696 2213 1701 2215 .

269 2255 316 2290 et
339 2245 559 2289 memoriae
581 2243 808 2298 mandari,
840 2252 890 2288 ut
913 2243 1033 2288 nosci
1051 2243 1198 2303 possit.
1227 2246 1309 2288 An.
1331 2243 1664 2289 Animadverto.

274 2319 387 2361 Ate„
409 2318 506 2359 Duo
526 2330 630 2373 ergo
647 2312 849 2375 quaedam
867 2313 1148 2372 contingunt,
1171 2329 1272 2358 cum
1285 2312 1453 2374 aliquid
1471 2313 1548 2358 tali
1561 2330 1669 2360 voce

273 2385 553 2447 prosterimus.
579 2389 660 2430 An.
690 2387 755 2428 Ita
778 2393 855 2429 est.
883 2388 996 2429 Ate.
1026 2383 1144 2438 Quid
1165 2385 1198 2428 si
1221 2385 1380 2429 horum
1402 2383 1592 2429 duorum
1615 2401 1667 2429 ex

275 2473 365 2503 uno
382 2456 597 2517 appellata
613 2464 716 2500 sunt
730 2456 882 2510 verba,
899 2470 949 2499 ex
971 2454 1107 2500 altero
1128 2455 1306 2499 nomina
1322 2476 1332 2513 3
1352 2454 1487 2499 verba
1504 2454 1668 2499 scilicet

281 2547 302 2573 a
322 2526 591 2572 verberando
606 2562 615 2572 .
642 2526 815 2573 nomina
838 2541 940 2571 vero
961 2542 982 2570 a
1006 2525 1224 2571 noscendo
1243 2561 1253 2581 ‚
1279 2535 1328 2571 ut
1350 2525 1460 2571 illud
1477 2525 1668 2585 primum
