1888 3168
282 226 366 265 5376
722 238 754 264 8.
795 239 1024 266 Auncs'rim
1060 240 1239 265 EPISCOI’I

283 320 336 346 cx
359 301 512 346 ordine
535 305 800 364 nuncupati,
826 321 1015 365 quorum
1049 304 1310 350 levationem
1345 321 1394 350 ac
1418 307 1674 366 positionem

283 373 582 434 sesquitertius
608 390 816 420 numerus
840 376 1051 420 continet.

344 446 467 488 xlx.
504 448 566 490 M.
597 448 713 491 Num
741 447 873 504 igitur
905 462 1059 506 parum
1090 447 1171 492 tibi
1196 449 1314 508 justa
1346 463 1474 492 causa
1505 446 1678 492 videtur

284 531 397 571 csse,
419 532 496 560 cur
517 517 621 561 iste¹
646 533 721 577 pcs
744 517 800 561 ad
823 518 978 562 seriem
1002 534 1279 563 numerosam
1300 535 1458 564 vocum
1481 534 1572 563 non
1598 517 1680 562 ad-

283 587 506 643 mittatur,
526 587 647 648 quod
669 587 801 633 solius
824 598 969 649 partes
992 598 1082 633 tam
1103 589 1237 648 longe
1261 606 1283 634 a
1306 605 1349 634 se
1377 589 1604 652 differant,
1629 599 1682 633 ut

283 675 373 703 una
397 658 551 719 simpla
573 660 648 715 sit,
674 659 754 703 alia
784 660 945 720 tripla?
970 660 1178 705 Vicinitas
1203 661 1320 705 enim
1348 660 1551 722 quaedam
1577 676 1681 720 par-

284 731 398 775 tium
425 740 543 776 tanto
571 741 634 776 est
651 732 970 791 approbatione
993 732 1181 792 dignior,
1208 742 1374 794 quanto
1404 743 1468 778 est
1487 733 1681 794 proxima

284 801 539 863 aequalitati.
576 806 731 863 Itaque
761 802 834 847 illa
864 803 1015 863 regula
1050 820 1337 849 numerorum
1368 821 1470 850 cum
1505 806 1560 849 ab
1591 819 1682 848 uno

286 889 426 934 usque
447 873 503 918 ad
523 883 714 934 quatuor
735 873 1057 934 progredimur,
1078 875 1189 920 nihil
1202 876 1440 937 unicuique
1453 886 1517 922 est
1529 891 1573 920 se
1590 876 1683 935 ipso

284 944 588 1004 propinquius.
602 947 746 998 Quare
761 944 872 990 illud
884 945 1096 1006 imprimis
1110 946 1446 1007 approbandum
1459 955 1523 991 est
1540 946 1587 990 in
1603 961 1684 1005 pe-

286 1015 432 1071 dibus,
449 1032 550 1060 cum
572 1015 848 1062 tantumdem
864 1018 1032 1061 habent
1053 1027 1196 1078 partes
1211 1016 1267 1063 ad
1287 1018 1474 1063 invicem
1491 1038 1500 1063 :
1526 1016 1685 1061 deinde

287 1086 510 1147 copulatio
542 1087 687 1148 simpli
718 1097 763 1132 et
783 1088 907 1148 dupli
931 1089 1093 1135 eminet
1117 1089 1163 1134 in
1190 1105 1281 1133 uno
1304 1099 1347 1133 et
1369 1088 1569 1133 duobus:
1594 1103 1683 1133 ses-

286 1158 499 1220 quialtera
539 1176 642 1205 vero
676 1160 899 1220 copulatio
943 1161 988 1204 in
1023 1160 1197 1206 duobus
1231 1171 1273 1206 et
1305 1162 1446 1206 tribus
1480 1169 1683 1222 apparet:

282 1231 375 1291 jam
398 1231 672 1291 sesquitertia
699 1231 837 1276 tribus
863 1241 906 1276 et
928 1241 1134 1292 quatuor.
1163 1230 1381 1292 Simplum
1413 1247 1517 1277 vero
1540 1241 1583 1276 et
1606 1231 1688 1276 tri-

287 1299 413 1361 plum
443 1316 700 1361 quanquam
725 1302 1087 1362 complicatorum
1117 1319 1402 1348 numerorum
1426 1303 1521 1363 lege
1541 1312 1690 1347 tenea-

289 1383 382 1428 tur,
405 1389 495 1417 non
518 1382 667 1417 tamen
689 1372 735 1416 in
753 1372 906 1422 ordine
928 1374 1004 1417 illo
1022 1375 1197 1419 sibimet
1217 1376 1409 1420 cohaeret
1427 1396 1435 1421 2
1459 1391 1549 1419 non
1572 1374 1690 1418 enim

289 1454 388 1504 post
416 1459 557 1488 unum
590 1444 671 1487 tria
702 1458 1008 1499 numeramus,
1034 1442 1110 1487 sed
1141 1444 1196 1487 ab
1230 1460 1321 1488 uno
1360 1443 1414 1488 ad
1449 1444 1690 1488 ternarium

289 1531 526 1560 numerum
559 1515 726 1558 binario
756 1515 1013 1574 interposito
1048 1515 1315 1574 pervenitur.
1342 1518 1446 1559 Haec
1480 1515 1591 1558 ratio
1626 1523 1690 1558 est

286 1604 374 1649 qua
397 1586 695 1632 excludendus
713 1586 939 1648 judicatur
973 1587 1314 1646 amphibrachus
1335 1602 1412 1646 pes
1443 1587 1498 1631 ab
1529 1602 1580 1630 ea
1610 1602 1688 1631 co-

291 1660 518 1721 pulatione
553 1659 608 1703 de
640 1675 728 1719 qua
762 1658 1062 1719 quaesivimus,
1084 1674 1182 1719 quae
1213 1659 1246 1703 si
1269 1658 1343 1702 abs
1374 1668 1417 1702 te
1450 1658 1687 1718 probatur,

294 1741 451 1777 caetera
482 1730 723 1775 videamus.
748 1733 800 1774 D.
825 1731 1043 1775 Probatur
1064 1746 1194 1775 sane:
1219 1746 1322 1774 nam
1344 1730 1690 1775 manifestissima

295 1813 429 1865 atque
451 1803 687 1848 certissima
709 1811 786 1846 est.

297 1951 438 1969 &mm
443 1949 795 1966 mmm=mm1wtxwm
801 1949 933 1964 xmus-ww
938 1939 1146 1964 WV'VQWUWQMOE
1152 1948 1290 1964 &mmmm
1296 1948 1687 1964 xvxxvtmmaemmwmw

825 2060 1044 2109 CAPUT
1087 2062 1169 2107 Xl.

613 2192 803 2240 Pedum
821 2190 1128 2239 rationabilis
1149 2192 1379 2236 mixtura.

357 2334 457 2377 XX.
473 2334 534 2376 M.
553 2333 656 2376 CUM
675 2345 778 2389 ergo
794 2330 962 2389 placeat
974 2343 1154 2389 quoquo
1168 2325 1300 2371 modo
1314 2341 1357 2370 sc
1370 2326 1415 2369 in
1428 2325 1605 2385 syllabis
1618 2326 1694 2370 ha-

297 2406 450 2457 beant,
470 2411 617 2445 tamen
633 2401 666 2445 si
690 2399 885 2461 ejusdcm
912 2399 1037 2459 spatii
1056 2399 1141 2442 sint
1167 2398 1211 2441 in
1233 2406 1441 2456 tempore,
1468 2405 1586 2440 recte
1608 2397 1689 2440 sibi

303 2485 345 2519 et
363 2475 454 2517 sinc
470 2471 734 2516 detrimento
752 2469 1012 2531 aequalitatis
1026 2468 1155 2529 pedes
1167 2483 1290 2529 posse
1304 2467 1488 2522 misceri,
1502 2477 1689 2527 excepto

354 2578 361 2593 ¹
384 2568 648 2612 Ampliibracluis
