1888 3168
313 224 395 262 236
759 236 791 260 s.
829 232 1057 262 AUGUSTINl
1090 235 1272 263 Ertscopt

315 301 400 359 ipsa
439 297 645 342 existendi
681 300 822 358 specie
839 300 1049 359 privatur.
1077 303 1138 344 De
1156 316 1243 360 qua
1262 315 1307 344 re
1328 315 1580 361 quanquam
1596 302 1696 346 satis

311 386 400 416 esse
423 370 589 415 dietum
613 370 819 427 arbitrer,
842 381 885 416 et
914 388 1046 432 quam
1079 372 1162 417 hoc
1184 372 1278 416 fieri
1300 388 1390 417 non
1420 372 1552 432 possit
1582 382 1698 417 certa

310 443 475 487 ratione
507 452 795 487 monstratum
825 443 903 497 sit,
931 452 1078 487 tamen
1105 444 1233 488 etiam
1264 444 1347 488 hoc
1381 443 1699 488 attendendum

310 523 373 559 est
411 530 499 559 non
527 528 616 558 esse
648 513 776 557 aliam
809 529 982 558 causam
1021 514 1150 575 hujus
1186 514 1454 570 formidinis,
1482 514 1563 559 nisi
1596 514 1699 575 quia

310 584 535 630 fatendum
566 593 630 628 est
657 584 701 628 in
734 582 909 629 defectu
931 584 1123 645 quodam
1146 600 1234 630 esse
1267 586 1461 630 animum
1484 584 1667 630 stultum
1684 620 1695 641 ‚

310 665 354 700 et
388 656 432 699 in
470 655 651 700 essentia
680 655 861 699 certiore
885 654 1015 716 atque
1038 656 1232 716 pleniore
1255 657 1506 717 sapientem.
1532 655 1617 701 Sed
1638 656 1694 711 si,

310 726 431 788 quod
453 727 617 771 nemini
635 727 822 771 dubium
844 737 907 772 est
920 763 930 783 ‚
948 737 1053 772 tunc
1069 737 1133 772 est
1155 728 1324 773 animus
1341 727 1695 788 sapientissimus,

308 813 409 842 cum
432 798 680 853 veritatem⁷
708 814 808 858 quae
830 814 999 858 semper
1024 798 1178 844 eodem
1195 798 1327 844 modo
1357 808 1420 843 est
1435 835 1445 854 ‚
1469 799 1666 842 intuetur
1681 834 1693 854 ‚

309 869 436 928 eique
457 867 690 912 immobilis
715 867 900 913 inhaeret
921 869 1068 915 divino
1088 886 1234 915 amore
1256 871 1536 931 conjunctus,
1559 878 1602 913 et
1626 868 1699 913 illa

309 940 455 984 omnia
478 956 576 1000 quae
607 956 787 1001 quoquo
807 939 940 985 modo
963 951 1065 986 sunt
1086 940 1142 986 ab
1175 957 1223 986 ea
1254 941 1435 985 essentia
1452 949 1576 995 sunt,
1600 955 1700 1000 quae

308 1027 475 1056 summe
496 1012 768 1072 maximeque
786 1022 864 1067 est,
891 1022 965 1057 aut
982 1012 1037 1057 ab
1057 1012 1131 1057 illa
1149 1023 1212 1058 est
1236 1013 1402 1057 animus
1420 1012 1467 1056 in
1483 1020 1700 1073 quantum

308 1092 394 1137 est,
411 1092 486 1126 aut
509 1098 584 1142 per
598 1098 641 1127 se
661 1083 803 1142 ipsum
826 1093 903 1128 est.
924 1084 1009 1129 Sed
1022 1084 1056 1128 si
1074 1100 1151 1144 per
1168 1100 1212 1129 se
1226 1085 1366 1145 ipsum
1390 1092 1474 1139 est,
1491 1082 1699 1144 quoniam

308 1155 398 1214 ipse
415 1154 495 1198 sibi
512 1170 638 1198 eausa
663 1154 875 1199 existendi
893 1165 980 1211 est,
1001 1165 1044 1200 et
1066 1171 1294 1216 nunquam
1317 1171 1360 1199 se
1383 1154 1564 1210 deserit,
1581 1169 1699 1197 nun-

307 1240 440 1285 quam
461 1225 609 1269 interit
624 1261 634 1279 ‚
651 1234 700 1270 ut
714 1241 843 1286 supra
860 1227 990 1271 etiam
1008 1226 1339 1287 disputavimus.
1365 1226 1408 1271 Si
1421 1241 1524 1270 vero
1542 1223 1696 1279 exina,

307 1295 540 1354 diligenter
562 1311 670 1356 opus
687 1305 750 1340 est
773 1313 970 1357 quaerere
991 1314 1091 1359 quae
1111 1314 1176 1343 res
1192 1298 1231 1342 ei
1253 1297 1387 1358 possit
1405 1311 1494 1341 esse
1527 1304 1701 1340 contra-

307 1366 390 1421 ria,
423 1382 522 1426 quae
554 1367 698 1411 animo
728 1366 896 1412 auferat
929 1369 1124 1412 animum
1153 1384 1243 1413 esse
1272 1367 1395 1428 quod
1416 1365 1490 1412 illa
1512 1366 1696 1426 praebet.

307 1436 424 1491 Quid
447 1447 510 1482 est
539 1438 695 1496 igitur?
714 1441 783 1482 An
813 1437 925 1483 sorte
962 1438 1146 1495 falsitas,
1172 1440 1273 1500 quia
1307 1437 1382 1482 illa
1401 1438 1592 1482 veritas?
1615 1435 1701 1481 Sed

306 1508 586 1554 manifestum
604 1519 683 1565 est,
702 1520 834 1571 atque
856 1511 903 1555 in
916 1521 1127 1571 promptu
1144 1512 1290 1565 situm,
1312 1518 1529 1570 quantum
1540 1523 1699 1553 nocere

308 1582 453 1626 animo
475 1580 636 1626 falsitas
653 1583 801 1642 possit.
821 1585 937 1628 Num
954 1581 1069 1626 enim
1087 1582 1275 1642 amplius
1293 1589 1436 1641 potest
1458 1595 1591 1641 quam
1614 1578 1700 1624 fal-

306 1652 426 1696 lere?
448 1660 492 1696 at
514 1652 596 1696 nisi
633 1652 710 1712 qui
730 1653 859 1707 vivit,
885 1652 1053 1697 fallitur
1074 1668 1221 1697 nemo.
1248 1655 1347 1697 Non
1379 1651 1513 1710 igitur
1540 1649 1702 1695 falsitas

306 1722 553 1767 interimere
576 1723 771 1767 animum
792 1733 950 1783 potest.
977 1723 1107 1778 Quod
1126 1723 1175 1775 §i
1197 1723 1292 1767 haee
1314 1737 1404 1766 non
1437 1730 1580 1781 potest
1600 1736 1701 1782 quae

307 1793 521 1838 contraria
548 1793 720 1838 veritati
742 1803 805 1839 est
821 1830 831 1850 ,
859 1793 1029 1839 auferre
1051 1795 1197 1839 animo
1220 1793 1415 1838 animum
1440 1807 1552 1847 esse,
1577 1791 1701 1852 quod

307 1866 346 1909 ei
358 1865 516 1910 veritas
527 1864 647 1909 dedit
659 1867 676 1923 ζ
688 1866 747 1909 ita
765 1866 881 1909 enim
896 1876 960 1910 est
972 1866 1253 1910 invictissima
1261 1865 1418 1909 veritas
1429 1865 1446 1922 )
1459 1863 1567 1924 quid
1579 1862 1701 1907 aliud

306 1936 573 1991 invenietur,
585 1936 706 1996 quod
724 1936 894 1980 auferat
915 1937 1059 1981 animo
1072 1936 1119 1981 id
1137 1934 1260 1997 quod
1282 1944 1349 1979 est
1365 1935 1563 1978 animus?
1580 1933 1699 1979 Nihil

307 2008 504 2068 profecto
522 2026 530 2051 :
547 2022 649 2051 narn
673 2007 782 2051 nihil
800 2018 863 2053 est
884 2009 1102 2054 contrario
1121 2007 1339 2054 valentius
1356 2005 1410 2052 ad
1428 2005 1473 2050 id
1497 2006 1700 2051 auferen-

307 2078 437 2135 dum,
463 2078 584 2139 quod
605 2077 655 2121 fit
678 2078 732 2123 ab
751 2082 840 2142 ejus
863 2080 1095 2126 contrario.
