1888 3168
672 186 727 213 DE
758 182 914 214 MUSICA
947 185 1030 213 Lm.
1067 186 1127 213 vr.
1523 173 1603 214 491

208 262 296 298 tem
320 263 534 315 perpetuo
568 268 725 298 sonum
747 261 893 297 motus
915 250 991 296 ille
1013 251 1164 308 animi,
1191 252 1268 312 qui
1291 251 1535 298 attentione
1555 252 1610 297 ad

206 325 478 386 praeteritum
503 335 546 371 et
567 323 765 386 elapsum
789 339 944 369 sonum
969 338 1070 368 cum
1103 323 1313 369 transibat
1344 333 1408 370 cst
1435 323 1577 371 factus
1594 360 1606 381 ,

206 398 475 458 reprimitur,
496 396 544 442 id
564 405 643 452 est,
670 412 760 441 non
776 396 836 441 ita
851 404 1048 440 remanet
1069 395 1115 439 in
1136 396 1362 442 memoria.
1379 399 1612 458 Quaprop-

207 479 274 515 ter
290 468 521 531 judiciales
543 467 608 513 illi
630 469 826 525 numeri,
852 468 933 531 qui
950 483 1158 513 nume10s
1180 468 1227 512 in
1243 467 1483 515 intervallis
1500 478 1614 515 tem-

204 557 366 602 poium
389 541 508 597 sitos,
528 540 718 601 exceptis
741 556 793 601 pl
796 539 1292 602 ooress011bu5,qu1bus
1315 539 1446 585 etiam
1465 540 1610 601 ipsum

205 627 488 674 progressum
509 610 783 668 modificant,
797 610 997 692 judicare
1017 627 1108 656 non
1129 620 1314 672 possunt
1328 611 1410 657 nisi
1427 628 1537 674 quos
1551 612 1611 657 eis

204 693 419 746 tanquam
450 683 650 729 ministia
679 684 889 730 memoria
922 683 1156 740 obtulerit,
1186 699 1335 729 nonne
1355 684 1438 745 ipsi
1461 684 1610 730 existi-

203 754 355 801 mandi
389 764 493 800 sunt
519 770 598 816 per
619 765 789 800 certum
813 756 1004 816 spatium
1026 755 1235 816 temporis
1256 755 1406 800 tendi?
1430 755 1516 801 Sed
1537 755 1609 800 in-

203 836 270 872 tei
272 836 336 872 est
352 827 516 889 quibus
535 837 786 888 temporum
803 828 952 889 spatiis
973 827 1045 873 vel
1065 826 1236 873 excidat
1251 827 1405 884 nobiS,
1426 826 1497 873 vel
1516 843 1611 873 me-

202 899 461 944 minerimus
454 898 600 977 quod
608 899 828 960 judicant.
853 900 1078 961 Siquidem
1092 915 1173 945 nec
1185 900 1231 944 in
1253 899 1355 961 ipsis
1373 915 1609 961 corporum

203 969 354 1015 formis
381 960 481 1032 quae
509 970 564 1015 ad
593 969 742 1016 oculos
771 971 1018 1032 pertinent,
1053 987 1284 1032 possumus
1317 970 1509 1017 rotunda
1539 970 1610 1017 vel

202 1041 387 1103 quadra,
412 1041 483 1086 vel
509 1058 804 1104 quaecumque
837 1041 921 1088 alia
942 1043 1080 1089 solida
1114 1053 1158 1088 et
1177 1042 1466 1088 determinata
1483 1042 1608 1105 judi-

202 1129 316 1170 care,
343 1122 387 1158 et
404 1114 587 1159 omnino
604 1116 781 1171 sentire,
805 1115 888 1161 nisi
912 1131 961 1160 ea
974 1115 1032 1160 ob
1057 1114 1209 1161 oculos
1221 1131 1445 1161 versemus
1468 1135 1477 1161 :
1503 1130 1606 1160 cum

202 1194 352 1231 autem
374 1184 457 1229 alia
472 1201 572 1246 pars
594 1186 818 1247 aspicitur,
838 1187 872 1232 si
897 1187 1125 1243 exciderit,
1147 1186 1270 1248 quod
1293 1196 1359 1232 est
1381 1196 1609 1248 aspectum

200 1257 246 1302 in
267 1256 366 1314 alia,
387 1257 626 1303 frustratur
648 1259 830 1304 omnino
850 1259 1089 1320 judicantis
1111 1259 1316 1316 intentio,
1334 1260 1439 1321 quia
1462 1268 1505 1304 et
1522 1260 1608 1304 hoc

200 1329 349 1392 aliqua
370 1346 492 1376 mora
518 1333 724 1393 temporis
746 1332 820 1390 fit,
848 1332 917 1377 cui
949 1332 1125 1378 variatae
1157 1348 1268 1393 opus
1295 1342 1360 1377 est
1381 1332 1606 1392 invigilare

199 1417 473 1447 memoriam.

258 1475 407 1518 XXII.
430 1469 743 1519 Recordabi'les
760 1473 865 1520 ver‘o
884 1490 1092 1519 numeros
1113 1474 1257 1517 multo
1281 1473 1529 1518 evidentius
1543 1483 1609 1518 est

197 1542 337 1605 quod,
363 1542 517 1587 eadem
531 1545 622 1603 ipsa
645 1545 861 1587 offerente
877 1545 1104 1598 memoria,
1120 1542 1373 1603 judicamus
1395 1542 1463 1587 his
1481 1543 1606 1606 judi-

198 1613 398 1660 cialibus.
425 1616 536 1660 Nam
568 1614 603 1658 si
632 1630 882 1660 occursores
910 1623 1128 1676 quantum
1159 1614 1214 1659 ab
1243 1629 1293 1658 ea
1323 1614 1603 1672 offeruntur,

199 1696 371 1732 tantum
386 1685 671 1748 judicantur,
696 1686 838 1731 multo
856 1686 993 1746 magis
1015 1686 1062 1743 ii,
1088 1686 1144 1731 ad
1165 1689 1275 1748 quos
1299 1696 1511 1749 tanquam
1533 1703 1605 1733 re·-

197 1758 361 1820 positos
385 1767 483 1819 post
506 1756 610 1802 alias
634 1757 900 1803 intentiones
928 1774 1187 1804 revocamur
1211 1758 1532 1816 recordatione,
1558 1760 1604 1806 in

197 1831 291 1891 ipsa
317 1829 528 1874 memoria
553 1828 699 1874 vivere
723 1829 1026 1875 inveniuntur.
1062 1829 1181 1884 Quid
1209 1830 1326 1874 enim
1354 1829 1474 1875 aliud
1508 1832 1603 1891 agi-

197 1917 296 1960 mus
313 1917 417 1947 cum
431 1916 687 1946 revocamus
701 1917 780 1947 nos
801 1901 849 1946 in
863 1902 1136 1958 memoriam,
1164 1902 1247 1946 nisi
1260 1901 1456 1963 quodam
1469 1903 1603 1949 modo

198 1973 321 2035 quod
339 1972 614 2034 reposuimus
631 1973 901 2034 quaerimus?
923 1974 1125 2019 Recurrit
1148 1982 1297 2019 autem
1320 1974 1366 2018 in
1378 1975 1605 2035 cogitatio-

198 2062 301 2092 nem
329 2046 556 2092 occasione
583 2045 793 2091 similium
823 2056 969 2092 motus
995 2046 1129 2091 animi
1161 2063 1254 2092 non
1277 2047 1495 2093 extinctus
1513 2083 1524 2104 ,
1560 2058 1604 2094 et

196 2118 293 2163 haec
315 2127 380 2163 est
406 2134 507 2179 quae
531 2118 692 2163 dicitur
714 2117 974 2164 recordatio.
1004 2119 1073 2164 Sic
1098 2119 1266 2179 agimus
1284 2135 1508 2176 numeros,
1533 2119 1604 2166 vel

198 2190 246 2234 in
264 2189 352 2234 sola
378 2189 660 2248 cogitatione,
686 2190 756 2235 vel
779 2191 910 2236 etiam
932 2191 977 2234 in
995 2191 1297 2237 membrorum
1326 2202 1469 2249 motu,
1491 2208 1603 2254 quos

194 2263 286 2323 jam
305 2262 473 2321 egimus
498 2261 749 2323 aliquando.
785 2262 894 2306 Inde
921 2272 1068 2307 autem
1100 2264 1259 2308 scimus
1289 2280 1380 2309 non
1406 2264 1600 2320 venisse,

199 2331 277 2378 sed
289 2331 448 2377 redisse
463 2331 560 2377 illos
578 2333 624 2377 in
637 2331 963 2390 cogitationem,
988 2334 1091 2394 quia
1108 2350 1210 2379 cum
1233 2335 1456 2380 memoriae
1474 2352 1602 2380 man-

200 2404 427 2460 darentur,
451 2420 552 2448 cum
580 2404 841 2449 difficultate
863 2406 1178 2465 repetebantur
1193 2442 1203 2462 ,
1230 2416 1273 2450 et
1294 2406 1601 2466 indigebamus

202 2474 346 2536 aliqua
374 2476 781 2536 praemonstratione
805 2485 853 2519 ut
876 2491 1159 2537 sequeremur
1188 2498 1196 2522 z
1230 2494 1316 2538 qua
1340 2477 1601 2523 difficultate

201 2548 406 2607 dempta,
433 2563 533 2592 cum
555 2563 645 2592 sese
667 2548 746 2607 ipsi
770 2547 1098 2594 accommodate
1125 2549 1341 2595 voluntati
1385 2551 1595 2606 offerunt,
