1888 3168
672 176 727 202 DE
763 172 913 203 musch
946 176 1029 204 Lis.
1065 179 1096 203 1.
1505 166 1591 207 349

183 241 506 297 tractationem,
521 249 653 302 atque
666 241 891 287 considera
904 277 915 298 ,
932 242 1100 289 videbis
1111 240 1309 302 profecto
1329 243 1429 289 ideo
1443 260 1585 290 unum

180 330 273 359 non
293 313 458 358 habere
471 311 667 356 medium
684 322 728 357 et
745 314 894 369 finem,
909 313 1013 374 quia
1027 322 1199 358 tantum
1212 314 1480 375 principium
1494 326 1558 361 est
1574 337 1586 376 3

181 385 251 430 vel
273 385 371 431 ideo
394 399 484 429 esse
501 383 792 444 principium,
817 384 920 446 quia
942 383 1148 430 medioet
1160 386 1247 429 fine
1270 396 1402 431 caret.
1429 391 1480 432 D.
1499 391 1589 433 Ma-

181 454 392 501 nifestum
413 463 491 500 est.
518 457 579 500 M.
596 454 714 508 Quid
733 472 836 516 ergo
860 456 1054 500 dicemus
1074 456 1130 499 de
1145 454 1350 501 duobus?
1367 460 1481 503 Num
1494 475 1590 518 pos-

181 528 384 573 sumusin
391 527 451 571 eis
461 526 706 586 intelligere
719 528 983 588 principium
997 537 1040 572 et
1052 526 1263 584 medium,
1279 544 1382 574 cum
1391 530 1589 575 medium

181 617 271 648 esse
288 616 378 646 non
390 599 526 660 possit
537 634 548 655 ,
572 599 654 644 nisi
670 600 748 645 ubi
768 601 865 645 finis
879 610 964 646 est:
987 610 1063 645 aut
1079 600 1346 662 principium
1364 611 1407 649 et
1428 603 1560 647 finem
1575 638 1586 658 ‚

182 689 284 719 cum
322 672 377 717 ad
413 673 549 717 finem
575 672 658 718 nisi
697 689 775 734 per
806 673 1000 718 medium
1043 689 1134 719 non
1176 683 1310 736 queat
1343 675 1590 735 perveniri?

181 748 233 790 D.
262 747 396 803 Urget
413 744 524 789 ratio
547 744 746 795 confiteri
767 766 779 804 3
804 754 848 790 et
880 743 988 806 quid
1019 744 1073 790 de
1095 745 1180 790 hoc
1202 761 1388 791 numero
1406 761 1589 807 respon-

180 815 336 873 deam,
373 832 551 877 prorsus
584 817 777 868 inoqttus
816 833 928 862 sum.
948 820 1030 863 M.
1066 816 1177 862 Vide
1214 833 1270 862 ne
1307 818 1386 863 iste
1411 835 1590 880 quoque

180 904 391 934 numerus
406 888 540 950 possit
562 889 828 950 principium
846 905 936 935 esse
950 905 1253 935 numerorum.
1271 892 1381 937 Nam
1392 890 1427 935 si
1443 891 1590 936 medio

180 971 298 1007 caret
321 971 364 1007 et
386 963 498 1019 fine,
523 961 667 1023 quod,
694 972 744 1007 ut
762 962 931 1019 dixisti,
957 963 1076 1023 cogit
1098 963 1209 1009 ratio
1237 964 1458 1019 confiteri,
1481 963 1592 1025 quid

179 1043 332 1089 restat,
359 1034 440 1078 nisi
458 1043 508 1078 ut
529 1033 582 1078 sit
600 1034 684 1079 hoc
709 1050 887 1096 quoque
903 1034 1203 1095 principium?
1219 1038 1290 1080 An
1302 1034 1478 1081 dubitas
1499 1035 1589 1081 duo

177 1105 393 1166 principia
432 1105 730 1151 constituere?
752 1109 803 1151 D.
842 1107 1137 1151 Vehementer
1171 1106 1344 1152 dubito.
1370 1110 1430 1153 M.
1473 1111 1590 1152 Bene

177 1176 342 1223 faceres
358 1213 369 1234 ,
395 1178 428 1222 si
451 1193 502 1222 ex
526 1176 707 1223 adverso
730 1178 811 1222 sibi
834 1179 1207 1224 constituerentur
1228 1177 1317 1224 duo
1346 1179 1588 1239 principia:

177 1267 299 1297 nunc
315 1261 464 1296 autem
486 1252 570 1297 hoc
590 1250 779 1296 alterum
801 1251 1067 1312 principium
1086 1251 1140 1295 de
1162 1250 1238 1295 illo
1261 1251 1403 1311 primo
1426 1261 1515 1306 est,
1542 1261 1592 1296 ut

177 1322 291 1368 lllud
324 1339 349 1368 a
377 1322 502 1368 nullo
524 1324 600 1378 sit,
621 1324 707 1368 hoc
735 1338 839 1368 vero
864 1324 919 1367 ab
942 1322 1043 1367 illo:
1069 1338 1210 1366 unum
1237 1322 1354 1367 enim
1385 1332 1429 1367 et
1449 1339 1591 1367 unum

178 1395 268 1439 duo
294 1404 418 1449 sunt,
445 1403 490 1438 et
516 1394 730 1453 principia
752 1394 812 1437 ita
847 1402 950 1437 sunt
972 1393 1105 1438 ambo
1121 1429 1131 1449 ,
1157 1403 1207 1438 ut
1235 1409 1386 1439 omnes
1416 1394 1590 1443 numeri

176 1465 357 1527 quidem
383 1465 438 1510 ab
460 1480 552 1509 uno
576 1465 663 1509 sint
685 1486 695 1522 3
720 1465 797 1509 scd
819 1465 922 1526 quia
952 1481 1030 1525 per
1053 1465 1439 1526 complicationem
1457 1475 1590 1527 atquc

178 1538 509 1599 adjunctionem
524 1536 765 1598 quamdam
786 1537 922 1593 fiunt,
945 1537 1069 1596 origo
1082 1547 1230 1582 autem
1243 1538 1591 1598 complicationis

179 1620 224 1656 et
257 1609 551 1671 adjunctionis
578 1608 699 1653 duali
729 1625 915 1653 numero
938 1619 1055 1654 recte
1085 1610 1317 1666 tribuitur,
1334 1611 1383 1654 fit
1407 1620 1456 1655 ut
1478 1610 1591 1655 illud

178 1683 371 1745 primum
390 1681 658 1742 principium
677 1697 701 1725 a
722 1697 812 1742 quo
829 1682 1002 1725 numeri
1022 1698 1172 1727 omnes
1185 1719 1195 1738 ,
1212 1684 1296 1728 hoc
1320 1693 1467 1728 autem
1485 1683 1591 1728 alte-

179 1770 279 1800 rum
301 1770 379 1815 per
399 1752 523 1814 quod
540 1752 711 1798 numeri
732 1768 903 1807 omnes,
931 1768 1022 1797 esse
1043 1753 1351 1798 inveniantur:
1377 1755 1458 1799 nisi
1480 1753 1590 1816 quid

178 1826 315 1871 habes
338 1826 571 1870 adversum
596 1824 675 1869 ista
702 1823 824 1885 quod
856 1823 1047 1869 differas.
1074 1828 1126 1869 D.
1147 1828 1242 1885 Ego
1256 1841 1361 1870 vero
1381 1825 1492 1870 nihil
1509 1861 1519 1881 ,
1546 1835 1590 1870 et

179 1899 272 1943 sine
294 1897 582 1943 admiratione
604 1896 685 1941 ista
707 1912 797 1942 non
821 1897 988 1955 cogito,
1014 1897 1213 1958 quamvis
1236 1913 1284 1949 ea
1300 1933 1311 1955 ,
1341 1898 1587 1959 interroga-

179 1979 249 2014 tus
268 1970 344 2014 abs
366 1978 429 2025 tc,
451 1968 543 2029 ipse
558 1967 862 2029 respondeam.

238 2043 388 2086 XXII.
423 2043 485 2085 M.
516 2039 728 2085 Subtilius
746 2039 825 2084 ista
839 2050 1046 2102 quaerunt
1068 2051 1201 2103 atque
1220 2041 1461 2088 abstrusius
1480 2042 1524 2088 in
1538 2059 1588 2089 ea

180 2111 435 2173 disciplina,
461 2127 562 2173 quae
582 2120 645 2156 est
667 2111 722 2156 de
744 2112 959 2157 numeris:
979 2113 1052 2157 hic
1075 2123 1224 2159 autem
1241 2130 1320 2160 nos
1339 2115 1395 2160 ad
1409 2115 1586 2160 institu-

182 2195 277 2230 tum
306 2200 416 2245 opus
453 2192 622 2245 quanto
653 2182 779 2228 citius
813 2198 1044 2244 possumus
1088 2183 1331 2230 redeamus.
1374 2187 1587 2244 Quocirca

181 2273 356 2319 quaero,
381 2255 460 2301 0111
479 2255 569 2301 duo
596 2256 750 2317 juncta
785 2254 894 2316 quid
927 2254 1122 2302 faciunt?
1147 2260 1197 2301 D.
1231 2258 1344 2303 Tria.
1371 2261 1431 2303 M.
1470 2262 1586 2318 Ergo

179 2330 276 2374 haec
299 2327 389 2373 duo
420 2327 636 2389 principia
674 2342 961 2372 numerorum
990 2328 1166 2373 sibimet
1190 2329 1415 2389 copulata,
1441 2339 1587 2376 totum

182 2417 419 2458 numerum
434 2401 612 2460 *faciunt
634 2409 766 2462 atque
785 2399 1047 2461 perfectum.
1071 2404 1123 2446 D.
1147 2405 1213 2446 Ita
1248 2411 1326 2447 est.
1360 2406 1420 2448 M.
1443 2402 1582 2459 Quid,

182 2475 229 2518 in
256 2472 531 2518 numerando
558 2482 657 2533 post
679 2480 893 2517 unum·et
921 2471 1011 2517 duo
1035 2488 1167 2534 quem
1190 2489 1424 2518 numerum
1457 2475 1586 2534 poni-

184 2549 313 2593 mus?
338 2551 387 2593 D.
409 2545 577 2594 Eadem
595 2545 690 2593 tria.
712 2549 771 2594 M.
803 2544 926 2592 Idem
947 2545 1078 2606 igitur
1108 2562 1340 2604 numerus,
1362 2547 1438 2608 qui
1461 2548 1509 2593 fit
1534 2563 1584 2592 ex
