1888 3168
309 179 390 217 262
749 194 781 218 s.
820 192 900 218 Arc
913 193 1048 219 [svm
1083 193 1259 220 Episcopi

308 304 375 318 Νἱὶὶ
384 304 1694 327 xxxxxtxxxlxxxxsxxxxxxxunxzzxxxxxxxxxtmxxxxxxlsxxtxxxtxxwtvtmttvwwxwvtw

821 397 1037 448 <APUT
1078 402 1146 448 xl

850 431 874 445 1:
1076 444 1085 447 -
1158 438 1169 448 0

303 513 605 577 Fz'glcrarmn
636 513 943 573 prcestcmtia.
966 539 1026 547 —
1049 511 1252 577 Signum
1286 512 1416 575 quid.
1449 540 1511 555 ·--
1538 515 1698 564 Punc-

868 593 965 630 tum
1003 582 1133 643 quid.

361 682 505 726 XVII.
531 682 583 725 A.
611 682 745 734 QUAM
763 695 937 736 censes,
969 680 1051 725 nisi
1076 672 1171 726 eam
1188 716 1200 737 ,
1225 683 1350 742 cujus
1374 692 1419 728 et
1451 683 1699 729 extremitas

301 752 384 798 sibi
405 767 586 797 concors
608 761 673 796 est
692 750 890 813 undique
905 788 918 807 ,
938 751 1062 797 1111110
1092 752 1252 811 angulo
1280 752 1576 815 aequalitatem
1603 771 1699 816 per-

302 823 509 868 turbante
524 858 535 878 ,
562 832 606 867 et
627 839 651 867 a
684 825 808 883 cujus
835 822 982 868 medio
1001 824 1057 868 ad
1079 839 1230 870 omnes
1253 825 1536 871 extremitatis
1552 836 1697 887 partes

302 910 427 956 pares
448 894 575 938 lineae
604 892 705 939 duci
726 896 936 955 possunt?
957 898 1009 939 E.
1028 897 1148 952 Jam,
1186 905 1236 942 ut
1257 896 1434 957 opinor,
1459 896 1656 957 intelligo
1683 916 1693 943 :

303 982 406 1012 nam
427 966 547 1012 illam
569 967 770 1025 figuram,
786 982 887 1028 quae
908 983 997 1012 una
1017 967 1132 1014 linea
1154 968 1200 1013 in
1223 967 1438 1015 circulum
1459 968 1591 1015 ducta
1607 979 1697 1015 ter-

301 1068 510 1124 minatur,
534 1068 643 1113 mihi
656 1067 813 1114 videris
827 1067 1073 1114 describere
1110 1041 1239 1158 G).
1257 1073 1310 1115 Α.
1328 1069 1691 1130 Recteintelligis.

299 1172 428 1217 Nunc
449 1170 598 1230 itaque
619 1168 731 1214 illud
747 1170 973 1216 considera
988 1206 999 1227 ‚
1031 1187 1132 1216 cum
1154 1172 1350 1232 superior
1369 1171 1478 1217 ratio
1498 1170 1698 1217 docuerit

300 1241 463 1286 lineam
485 1242 532 1306 in
553 1241 643 1287 sola
670 1241 946 1301 longitudine
968 1242 1177 1303 intelligi,
1211 1258 1291 1288 nec
1319 1242 1565 1305 quidquam
1594 1242 1697 1287 lati-

300 1313 465 1358 tudinis
494 1329 704 1373 usurpare
718 1349 730 1370 ,
753 1324 798 1359 et
828 1313 927 1360 ideo
949 1330 1026 1375 per
1046 1314 1230 1375 longum
1247 1331 1334 1377 qua
1365 1314 1542 1360 ducitur
1561 1313 1699 1360 dividi

299 1400 392 1429 11011
413 1400 537 1445 posse
554 1419 564 1440 ⁷
596 1393 748 1428 utrum
769 1385 850 1428 tibi
871 1385 1070 1429 videatur
1096 1387 1235 1444 figura
1253 1385 1464 1446 quaelibet
1486 1386 1578 1430 sine
1598 1385 1699 1430 lati-

299 1455 456 1502 tudine
478 1454 679 1499 inveniri.
708 1457 760 1500 E.
787 1453 919 1500 Nullo
941 1453 1088 1499 modo.
1126 1457 1178 1500 A.
1206 1455 1344 1510 Quid,
1384 1455 1477 1515 ipsa
1509 1454 1697 1500 latitudo

303 1536 522 1588 potest-ne
535 1526 859 1585 longitudinem
877 1542 967 1570 11011
982 1526 1162 1582 habere,
1178 1526 1376 1587 quamvis
1398 1525 1586 1571 latitudo
1606 1526 1696 1572 sola

299 1599 374 1653 sit,
401 1596 778 1657 quemadmodum
801 1597 998 1656 superius
1020 1597 1341 1655 longitudinem
1357 1597 1448 1641 sine
1465 1596 1696 1643 latitudine

301 1665 610 1721 intelleximus,
637 1681 689 1710 an
714 1681 804 1709 non
827 1666 996 1724 potest!
1022 1671 1073 1710 E.
1096 1666 1236 1710 Video
1259 1682 1349 1710 non
1371 1670 1524 1726 posse?
1545 1672 1598 1712 Α.
1625 1669 1699 1712 Vi-

301 1740 376 1784 des
399 1738 530 1783 etiam
548 1735 660 1780 illud
675 1772 685 1792 ,
712 1737 793 1780 nisi
815 1734 964 1792 fallor,
988 1735 1110 1798 quod
1131 1735 1317 1781 latitudo
1349 1736 1404 1781 ab
1423 1738 1543 1782 omni
1570 1749 1695 1800 parte

301 1809 437 1856 dividi
455 1817 614 1870 queat,
639 1808 751 1852 linea
774 1824 877 1855 vcro
899 1824 976 1869 per
998 1808 1180 1867 longum
1195 1824 1285 1852 non
1307 1818 1454 1870 queat.
1479 1812 1532 1854 E.
1549 1811 1694 1857 Mani-

298 1883 459 1929 festum
482 1890 559 1925 est.
577 1884 629 1925 A.
652 1879 768 1934 Quid
781 1896 881 1939 ergo
894 1889 1020 1941 putas
1034 1880 1168 1940 pluris
1191 1879 1468 1937 habendum,
1488 1881 1610 1942 quod
1626 1883 1695 1928 di-

299 1953 389 1999 vidi
423 1961 592 2014 potest,
630 1967 684 1996 an
707 1951 752 1995 id
773 1952 894 2013 quod
915 1967 1005 1995 non
1030 1952 1201 2012 potest?
1217 1954 1269 1996 E.
1291 1950 1492 1997 Profecto
1511 1951 1556 1997 id
1572 1954 1693 2015 quod

298 2041 388 2071 non
406 2033 563 2084 potest.
586 2027 637 2069 Α.
666 2023 887 2084 Przeponis
911 2023 1043 2082 igitur
1064 2022 1225 2067 lineam
1247 2021 1483 2067 latitudini.
1516 2026 1627 2070 Nam
1659 2025 1693 2069 si

298 2095 421 2159 quod
454 2094 588 2140 dividi
606 2111 696 2140 non
718 2102 883 2155 potest,
909 2094 1259 2155 praeponendum
1279 2103 1364 2149 est,
1386 2110 1691 2155 praeponamus

297 2183 471 2214 necesse
508 2177 572 2212 est
601 2167 731 2211 eliam
754 2166 801 2211 id
834 2165 954 2227 quod
987 2166 1131 2211 minus
1155 2164 1287 2210 dividi
1311 2174 1453 2226 potest
1479 2166 1691 2213 :latitudo

297 2250 443 2286 autem
461 2256 511 2284 ex
524 2240 642 2284 omni
661 2247 784 2299 parte
801 2238 1036 2295 dividitur,
1056 2236 1285 2297 longitudo
1308 2253 1410 2283 vero
1433 2254 1522 2283 non
1541 2239 1622 2284 nisi
1640 2255 1691 2285 ex

295 2311 490 2366 diverso⁷
531 2327 632 2355 nam
664 2326 741 2370 per
762 2309 945 2368 longum
970 2309 1225 2355 divisionem
1254 2324 1344 2353 non
1372 2308 1565 2354 admittit
1588 2329 1597 2355 ε
1626 2320 1690 2355 est

293 2399 396 2442 ergo
414 2381 647 2427 latitudine
664 2381 953 2441 praestantior.
972 2384 1041 2425 An
1065 2390 1111 2425 tu
1128 2380 1250 2425 aliter
1268 2379 1514 2425 existimas?
1535 2383 1587 2426 E.
1619 2384 1686 2426 Ita

294 2469 470 2514 prorsus
492 2454 601 2497 ratio
623 2453 739 2510 cogit
756 2451 879 2496 fateri
902 2461 952 2495 ut
973 2450 1095 2496 dicis.

354 2527 520 2570 XVIII.
547 2527 599 2569 A.
626 2526 1004 2583 Jamquaeramus,
1025 2523 1059 2566 si
1076 2521 1218 2581 placet
1235 2557 1245 2576 ,
1272 2531 1420 2567 utrum
1442 2522 1496 2567 sit
1517 2521 1682 2582 aliquid
