1852 3163
627 146 750 174 MBER
783 147 836 174 DE
870 147 1001 176 BEATA
1037 148 1149 175 ΠΤΛ.
1502 137 1579 174 117

192 219 316 268 sunt,
346 209 543 272 nihilque
585 211 801 256 bonarum
840 212 998 255 artium
1041 213 1305 267 hauserunt,
1326 213 1498 273 jejunos
1541 221 1585 257 et

192 282 315 342 quasi
339 280 560 327 famelicos
582 298 685 327 esse.
712 282 889 338 Plenos,
910 283 1054 343 inquit
1073 283 1323 342 'frygetius‚
1344 292 1388 328 et
1408 282 1585 328 illorum

192 353 357 397 animos
385 368 475 397 esse
503 353 708 409 arbitror,
735 353 810 398 sed
840 353 954 398 vitiis
984 363 1115 414 atque
1137 353 1346 414 nequitia.
1375 356 1460 398 Ista
1490 355 1584 414 ipsa

191 435 277 481 est7
303 426 505 487 inquam,
530 425 657 470 crede
675 427 803 482 mihi,
824 425 1028 487 quaedam
1051 424 1249 470 sterilitas
1267 461 1277 480 ‚
1302 434 1343 469 et
1362 426 1485 486 quasi
1514 426 1584 471 fa-

189 512 279 541 mes
292 497 554 541 animorum.
567 500 675 543 Nam
686 496 1059 559 quemadmodum
1073 495 1449 557 corpus‚detracto
1463 497 1579 555 cibo,

188 568 450 630 plerumque
472 569 635 613 morbis
658 579 790 630 atque
813 569 955 614 scabie
978 569 1192 630 repletur,
1218 585 1317 629 quae
1338 569 1383 613 in
1405 585 1456 614 eo
1478 569 1583 614 vitia

187 638 385 684 indicant
408 640 591 696 famem,
617 641 674 685 ita
707 650 749 684 et
777 640 953 685 illorum
975 640 1108 684 animi
1137 639 1257 700 pleni
1287 649 1389 684 sunt
1420 640 1584 685 morbis

188 711 349 772 quibus
372 729 448 756 sua
474 713 641 773 jejunia
664 714 945 758 confitentur.
976 713 1152 757 Etenim
1179 712 1318 772 ipsam
1342 713 1586 773 nequitiam

187 792 373 827 matrem
403 784 600 828 omnium
629 785 859 841 vitiorum,
885 801 935 829 ex
962 800 1012 829 eo
1034 782 1154 845 quod
1181 783 1484 844 nequidquam
1506 784 1581 841 sit,

187 854 233 898 id
256 863 342 910 est,
369 870 419 899 ex
431 870 481 899 eo
505 854 627 915 quod
644 855 753 899 nihil
771 856 848 911 sit,
868 865 1034 900 veteres
1048 855 1212 899 dictam
1230 870 1319 899 esse
1329 853 1582 899 voluerunt.

187 925 269 969 Cui
291 925 398 970 vitio
421 942 520 986 quae
543 926 759 970 contraria
781 926 919 970 virtus
943 936 1029 981 est,
1056 924 1282 985 frugalitas
1312 925 1581 970 nominatur.

186 998 244 1040 Ut
264 997 398 1056 igitur
409 997 504 1042 haec
523 1013 546 1041 a
570 996 717 1057 fruge,
738 997 783 1041 id
801 1007 885 1052 est,
912 1012 934 1041 a
955 996 1103 1041 fructu
1118 1031 1128 1051 ,
1149 1006 1329 1056 propter
1346 995 1586 1058 quamdam

185 1070 431 1115 animorum
456 1069 818 1129 foecuiiclitateni;
843 1070 903 1114 ita
925 1069 998 1115 illa
1021 1070 1076 1114 ab
1100 1069 1326 1115 sterilitate
1343 1105 1354 1125 ,
1369 1070 1455 1115 hoc
1473 1078 1537 1115 est
1559 1086 1584 1115 a

183 1141 323 1187 nihilo
356 1142 552 1203 nequitia
578 1142 802 1186 nominata
825 1151 916 1186 est:
946 1140 1057 1185 nihil
1079 1151 1143 1186 est
1173 1141 1290 1185 enim
1313 1157 1443 1186 omne
1462 1140 1587 1203 quod

183 1214 304 1271 fluit,
332 1214 454 1276 quod
475 1213 678 1270 solvitur,
705 1212 827 1275 quod
847 1212 1048 1274 liquescit
1070 1223 1114 1258 et
1127 1213 1251 1274 quasi
1266 1229 1436 1273 semper
1454 1213 1582 1275 perit.

183 1285 290 1330 Ideo
314 1285 419 1330 tales
438 1286 634 1330 homines
653 1286 784 1329 etiam
804 1285 998 1345 perditos
1017 1284 1217 1330 dicimus.
1243 1287 1321 1329 Est
1331 1293 1480 1329 autem
1503 1284 1587 1328 ali-

132 1389 137 1395 .
181 1356 286 1419 quid
312 1358 346 1402 si
363 1366 512 1402 manet
527 1393 538 1413 7
563 1357 597 1401 si
618 1366 810 1412 constat,
825 1357 860 1401 si
873 1372 1044 1416 semper
1062 1354 1150 1401 tale
1172 1365 1257 1412 est,
1273 1365 1325 1401 ut
1342 1365 1405 1400 est
1416 1357 1579 1412 virtus,

180 1431 249 1491 cuj
258 1446 307 1474 us
328 1445 487 1489 magna
503 1444 602 1490 pars
622 1438 687 1473 est
702 1439 833 1490 atque
847 1427 1157 1489 pulcherrima,
1175 1444 1275 1489 quae
1293 1428 1587 1488 temperantia

180 1512 224 1547 et
245 1501 474 1562 frugalitas
503 1501 679 1546 dicitur.
710 1500 795 1546 Sed
816 1499 849 1545 si
872 1501 957 1544 hoc
981 1500 1208 1545 obscurius
1226 1509 1291 1544 est
1312 1515 1446 1561 quam
1467 1508 1519 1544 ut
1539 1498 1585 1543 id

175 1574 267 1634 jam
297 1589 374 1618 vos
416 1572 564 1617 videre
591 1572 785 1632 possitis,
825 1581 941 1616 certe
976 1570 1088 1616 illud
1125 1571 1389 1626 conceditis,
1416 1570 1520 1631 quia
1548 1570 1583 1614 si

181 1645 315 1689 animi
353 1645 659 1704 imperitorum
683 1644 812 1687 etiam
846 1643 927 1703 ipsi
957 1643 1077 1703 pleni
1100 1652 1224 1698 sunt,
1246 1651 1297 1686 ut
1319 1658 1579 1702 corporum⁷

179 1716 239 1761 ita
257 1717 503 1760 animorum
519 1713 608 1760 duo
622 1714 932 1759 alimentorum
947 1730 1105 1773 genera
1118 1715 1420 1769 inveniuntur,
1438 1729 1583 1758 unum

178 1787 354 1833 salubre
373 1797 506 1848 atque
522 1786 629 1831 utile
646 1821 656 1842 ,
683 1785 870 1831 alterum
885 1786 1138 1830 morbidum
1154 1795 1287 1846 atque
1303 1784 1577 1846 pestiferum.

786 1930 984 1940 ’.ψη-ι.

573 2009 651 2056 De
684 2009 851 2054 eodem
884 2017 1185 2072 argumento,

238 2136 317 2179 IX.
353 2136 460 2188 QUAE
487 2149 590 2178 cum
621 2133 682 2178 ita
719 2134 826 2190 sint,
853 2134 1041 2179 arbitror
1063 2133 1134 2179 die
1156 2133 1292 2179 natali
1314 2149 1435 2190 meo,
1462 2151 1578 2196 quo-

179 2205 297 2250 niam
315 2206 405 2250 duo
427 2204 631 2266 quaedam
655 2221 744 2250 esse
773 2205 819 2249 in
834 2204 1014 2257 homine
1042 2205 1249 2251 convenit
1270 2206 1385 2250 inter
1406 2222 1508 2263 nos,
1534 2208 1579 2252 id

179 2286 242 2321 est
260 2292 418 2337 corpus
436 2286 567 2337 atque
583 2277 771 2321 animam
784 2312 794 2332 ‚
815 2293 904 2322 non
923 2293 993 2321 me
1010 2277 1244 2337 prandium
1256 2276 1392 2338 paulo
1414 2277 1577 2322 lautius

179 2348 436 2408 corporibus
459 2349 616 2393 nostris
651 2348 818 2403 30111111,
841 2344 913 2392 sed
944 2358 986 2392 et
1015 2349 1169 2393 animis
1204 2349 1335 2393 etiam
1374 2349 1578 2393 exhibere

179 2419 354 2465 debere.
372 2420 503 2474 Quod
526 2431 672 2465 autem
705 2421 790 2465 hoc
808 2420 861 2464 sit
878 2414 1111 2480 prandium
1130 2457 1139 2476 ‚
1167 2421 1199 2464 si
1214 2421 1403 2476 esuritis,
1425 2420 1575 2480 prose-

179 2509 287 2538 ram.
313 2496 422 2538 Nam
451 2492 485 2536 si
517 2508 593 2537 vos
626 2493 804 2547 invitos,
831 2502 872 2537 ct
904 2491 1168 2538 fastidientes
1208 2493 1321 2536 alere
1351 2493 1566 2546 conabor,
