1888 3168
654 217 707 243 DE
739 213 893 243 Mt‘s1cA
927 215 1008 242 Lm.
1047 216 1105 242 lv.
1495 199 1580 240 439

190 281 426 328 insuaviter
434 297 535 327 cum
544 281 697 327 eodem
707 280 874 326 silentio
881 316 891 336 ‚
898 279 1096 326 Potesta
1103 290 1147 324 te
1150 277 1395 340 praeclara
1399 276 1580 340 placet.

189 353 442 400 Potestate
467 352 553 400 tibi
573 352 773 398 multum
795 351 973 414 placet.
994 351 1249 398 Potestate
1259 350 1373 413 jam
1407 348 1493 396 tibi
1515 350 1586 397 sic·

185 425 366 487 placet.
392 427 643 473 Potestate
662 424 859 471 multum
874 423 960 470 tibi
971 421 1149 485 placet.
1165 423 1431 469 Potestatis
1442 439 1583 486 mag-

187 496 354 543 nz‘tuclo
370 497 547 559 placet.
569 497 699 552 Quod
725 497 780 542 ad
804 512 977 543 sensum
1001 496 1178 552 attinet,
1194 495 1361 556 peregit
1385 495 1579 540 officium

188 585 316 614 suum
340 570 384 613 in
406 570 487 614 hac
507 569 771 629 quaestione,
796 577 839 612 et
860 568 968 630 quid
982 566 1218 628 acceperit,
1244 565 1410 627 etquid
1430 565 1581 626 explo-

187 640 291 685 serit
303 639 512 686 indicavit
525 660 534 686 ε
547 639 623 685 sed
641 639 695 685 de
708 655 836 685 causa
846 656 925 685 cur
941 639 1001 685 ita
1016 638 1068 683 sit
1079 674 1089 695 ,
1102 638 1212 682 ratio
1221 636 1490 682 consulenda
1505 647 1585 682 est.

187 713 251 757 Ac
273 727 368 757 mea
391 710 570 773 quidem
588 711 632 755 in
652 721 771 756 tanta
787 711 1053 757 obscuritate
1075 709 1186 755 nihil
1208 707 1328 754 aliud
1343 708 1484 764 videt,
1506 706 1588 754 nisi

187 799 288 828 cum
302 783 494 828 diiambo
508 783 793 844 antispastum
809 782 1035 828 dimidiam
1046 791 1213 843 partem
1226 781 1416 842 priorem
1426 779 1588 825 habere

187 870 465 900 communem
484 875 494 912 3
514 870 617 899 nam
634 863 822 916 uterque
840 871 863 898 a
884 853 1005 899 brevi
1027 862 1070 898 et
1091 852 1222 913 longa
1239 852 1416 913 incipit:
1440 860 1589 912 poste-

188 927 346 972 riorem
369 936 517 972 autem
534 941 635 971 cum
657 926 879 985 dichori03
899 925 1030 984 longa
1052 925 1169 970 enim
1187 933 1230 969 et
1243 924 1364 969 brevi
1385 923 1513 969 ambo
1535 925 1589 968 fi-

187 999 385 1044 niuntur.
401 1001 555 1059 Itaque
566 998 825 1059 antispastus
834 996 904 1043 vel
916 995 1031 1042 solus
1045 1006 1254 1058 tanquam
1262 1011 1385 1040 suam
1398 995 1588 1056 priorem

189 1068 413 1114 dimidiam
428 1106 438 1125 ‚
470 1069 538 1114 vel
560 1085 661 1114 cum
683 1069 876 1114 diiambo
891 1105 901 1125 ‚
929 1085 1030 1114 cum
1053 1084 1142 1130 quo
1169 1083 1262 1112 eam
1297 1067 1588 1112 communiter

187 1140 345 1197 habet,
374 1139 632 1194 collocatus,
661 1141 825 1202 patitur
843 1141 887 1185 in
909 1142 996 1185 fine
1028 1140 1156 1185 metri
1179 1155 1268 1185 esse
1290 1139 1485 1183 iambum
1508 1159 1519 1197 ς
1543 1147 1587 1184 et

188 1230 289 1259 cum
312 1213 510 1260 dichorio
529 1224 775 1275 pateretur,
808 1215 843 1260 si
861 1213 1002 1259 eidem
1025 1212 1223 1259 dichorio
1253 1212 1348 1258 talis
1378 1212 1587 1257 terminus

189 1287 462 1332 conveniret:
478 1303 579 1331 cum
599 1287 765 1332 caeteris
778 1295 924 1331 autem
943 1302 1033 1331 non
1050 1286 1235 1346 patitur,
1253 1284 1415 1347 quibus
1432 1283 1509 1329 tali
1522 1300 1587 1330 so-

189 1357 344 1402 cietate
366 1374 455 1403 non
467 1359 683 1418 jungitur.

189 1485 545 1502 wuuvvwwwmwmmm
551 1486 688 1501 mmmm
695 1485 760 1501 vm
766 1484 1189 1501 Wmmmwwwmumxm
1196 1484 1592 1501 WWXMMWM‘WUWWM

688 1582 908 1633 CAPUT
945 1585 1110 1633 XVII.

529 1698 606 1745 De
639 1708 899 1746 metrorum
930 1699 1250 1761 copulatione.

251 1808 434 1851 XXXV.
459 1808 585 1859 Quon
608 1821 712 1851 vero
733 1805 788 1851 ad
813 1816 1051 1852 metrorum
1069 1808 1391 1869 copulationem
1409 1809 1587 1866 attinet,

192 1879 292 1922 satis
316 1887 379 1922 est
399 1878 445 1922 in
474 1878 704 1938 praesentia
728 1878 875 1923 videre
905 1894 1029 1938 posse
1053 1880 1133 1924 sibi
1156 1879 1323 1925 diversa
1344 1890 1482 1926 metra
1515 1897 1593 1927 co·-

193 1950 356 2011 pulari‚
380 1965 479 2011 quae
507 1959 657 1994 tamen
678 1950 858 2011 plausu,
882 1951 928 1996 id
955 1962 1039 2008 est,
1070 1952 1287 1998 levatione
1310 1969 1358 1998 ac
1380 1954 1595 2015 positione

193 2023 470 2069 conveniant.
502 2023 679 2068 Diversa
707 2033 810 2068 sunt
844 2034 992 2069 autem
1023 2024 1092 2070 vel
1125 2027 1392 2087 quantitate,
1414 2037 1464 2072 ut
1492 2043 1594 2072 cum

193 2097 358 2157 maJ'ora
380 2095 644 2157 copulantur
665 2097 929 2154 minoribus,
956 2097 1101 2159 qualia
1118 2098 1196 2144 ista
1213 2109 1338 2157 sunt,
1363 2099 1591 2157 videlicet,
1624 2141 1628 2145 .

283 2190 401 2236 Jam
418 2192 538 2237 satis
554 2193 691 2236 terris
716 2193 835 2237 nivis
858 2201 1004 2252 atque
1026 2191 1145 2238 dirce

291 2261 559 2310 Granclinis
577 2265 705 2309 misit
721 2274 890 2326 pater,
916 2274 962 2310 et
983 2263 1181 2311 rubente

286 2333 509 2380 Dextera
531 2352 702 2381 sacras
713 2335 969 2400 J’aelclatccs
991 2353 1130 2383 (crees

294 2406 487 2452 Terruit
504 2405 669 2452 urbem
680 2410 690 2432 ¹
701 2444 710 2453 .

199 2491 310 2535 Nam
348 2490 431 2534 hoc
454 2499 682 2551 quartum,
708 2491 830 2552 quod
853 2507 944 2536 uno
968 2491 1224 2538 choriambo
1247 2502 1290 2538 et
1318 2508 1405 2538 una
1433 2492 1478 2538 in
1515 2492 1604 2537 fine

253 2593 261 2609 ¹
279 2588 390 2619 Horat.
413 2585 469 2618 lib.
491 2598 500 2618 ι
523 2613 530 2619 ,
549 2587 745 2620 Cnrminum.
