1852 3163
700 179 755 205 DE
787 178 949 205 ORDINE
980 177 1065 205 Lm·
1102 178 1151 204 11.
1547 166 1632 204 203

226 244 327 289 nale
341 280 353 301 ‚
378 242 425 289 id
445 253 533 301 est,
559 244 682 305 quod
699 243 868 288 ratione
889 243 1054 299 utitur,
1075 251 1120 287 et
1141 241 1422 287 rationabilia
1436 242 1509 288 vel
1531 240 1635 287 facit

227 317 295 363 vel
321 318 535 379 sequitur,
561 318 665 378 quia
686 316 877 362 naturali
898 316 1094 378 quodam
1115 315 1297 361 vinculo
1323 316 1369 360 in
1393 331 1547 361 eorum
1562 332 1634 361 so-

227 390 386 436 cietate
408 389 749 449 astringebatur,
770 405 873 435 cum
890 389 1053 451 quibus
1075 387 1140 433 illi
1159 397 1253 433 erat
1267 388 1379 433 ratio
1404 388 1497 448 ipsa
1520 404 1636 434 com-

229 463 397 519 munis,
422 478 504 507 nec
529 461 700 507 homini
721 462 856 508 homo
884 461 1129 507 firmissime
1161 460 1315 505 sociari
1337 469 1511 520 posset,
1550 461 1634 505 nisi

228 534 603 596 colloquerentur,
621 544 754 596 atque
768 535 828 580 ita
845 534 926 580 sibi
949 543 1120 578 mentes
1139 549 1236 578 suas
1258 532 1638 594 cogitationesque

229 607 355 668 quasi
377 604 686 663 refunderent,
709 606 822 652 vidit
843 621 932 651 esse
955 604 1224 666 imponenda
1246 605 1381 663 rebus
1400 604 1634 660 vocabula,

230 679 278 724 id
309 688 396 736 est,
417 679 710 739 significantes
732 678 950 742 quosdam
972 694 1102 725 sonos
1128 698 1138 724 ι
1163 687 1216 724 ut
1246 677 1457 739 quoniam
1479 677 1640 722 sentire

231 750 400 797 animos
428 766 530 796 suos
553 767 644 796 non
666 760 894 812 poterant,
927 749 984 796 ad
1013 767 1086 796 eos
1109 751 1193 796 sibi
1215 747 1488 812 copulandos
1509 764 1642 794 sensu

230 823 356 885 quasi
377 823 617 883 interprete
648 832 895 869 uterentur.
936 822 1024 869 Sed
1055 822 1198 868 audiri
1234 821 1482 868 absentium
1506 821 1641 866 verba

231 911 323 940 non
343 903 576 956 poterant:
601 909 705 954 ergo
726 894 802 940 illa
825 895 936 941 ratio
957 895 1130 956 peperit
1142 894 1310 940 litteras
1327 930 1338 951 ,
1364 893 1527 939 notatis
1550 908 1643 938 om-

231 966 363 1011 nibus
385 967 470 1011 oris
494 982 544 1012 ac
581 966 744 1026 linguae
764 968 906 1024 sonis,
943 977 1077 1029 atque
1105 966 1320 1011 discretis.
1350 964 1471 1012 Nihil
1494 974 1643 1011 autem

231 1040 394 1085 horum
415 1038 560 1085 facere
581 1049 779 1101 poterat,
816 1040 852 1085 si
881 1038 1127 1085 multitudo
1158 1054 1307 1084 rerum
1329 1039 1422 1084 sine
1444 1038 1640 1100 quodam

231 1110 376 1156 defixo
398 1112 588 1157 termino
610 1112 783 1157 infinite
804 1122 954 1174 patere
967 1111 1211 1157 videretur.
1235 1114 1354 1171 Ergo
1371 1110 1537 1156 utilitas
1560 1125 1646 1153 nu-

231 1184 432 1229 merandi
454 1199 614 1245 magua
632 1184 892 1230 necessitate
915 1182 1217 1229 animadversa
1235 1193 1315 1228 est.
1338 1182 1512 1237 Quibus
1529 1180 1645 1226 (luo-

231 1257 316 1302 bus
339 1257 522 1317 repertis
540 1292 551 1313 ,
567 1266 670 1302 nata
691 1266 757 1302 est
770 1256 846 1302 illa
867 1257 1152 1301 librariorum
1176 1265 1219 1300 et
1236 1254 1519 1301 calculonum
1541 1269 1646 1315 pro-

232 1330 391 1386 fessio,
419 1329 544 1375 velut
565 1329 773 1391 quaedam
798 1329 1096 1390 grammaticae
1119 1327 1329 1385 infantia,
1350 1343 1484 1390 quam
1506 1330 1646 1373 Varro

233 1401 550 1446 litterationem
572 1409 744 1446 vocat:
770 1415 910 1460 graece
937 1410 1086 1446 autem
1107 1399 1337 1463 quomodo
1370 1399 1643 1461 appelletur,

233 1489 326 1519 non
343 1473 443 1518 satis
467 1472 515 1518 in
536 1473 771 1533 praesentia
793 1473 956 1519 recolo.

261 1547 503 1590 XXXVI.
541 1548 772 1605 Progressa
803 1544 968 1590 deinde
998 1546 1110 1590 ratio
1134 1545 1444 1591 animadvertit
1470 1544 1647 1590 eosdem

235 1617 321 1663 oris
344 1632 473 1662 sonos
497 1617 658 1677 quibus
684 1616 986 1678 loqueremur,
1011 1626 1055 1662 et
1077 1633 1188 1678 quos
1214 1616 1372 1662 litteris
1386 1618 1478 1678 jam
1501 1617 1648 1675 signa-

234 1698 378 1744 verat,
402 1687 507 1732 alios
530 1702 622 1732 esse
644 1688 721 1748 qui
744 1687 973 1733 moderato
995 1688 1114 1733 varie
1141 1689 1288 1744 hiatu,
1317 1688 1444 1749 quasi
1467 1686 1646 1732 enodati

237 1776 286 1805 ac
324 1758 540 1819 simplices
556 1795 567 1815 ,
614 1758 818 1804 faucibus
855 1760 947 1804 sine
983 1759 1075 1804 ulla
1109 1758 1335 1805 collisione
1372 1759 1644 1818 defluerent,

236 1831 342 1877 alios
366 1830 538 1875 diverso
575 1846 730 1891 pressu
767 1831 853 1875 oris
888 1841 1039 1876 tenere
1060 1840 1212 1876 tamen
1234 1831 1427 1892 aliquem
1459 1847 1645 1890 sonum3

237 1913 451 1948 extremos
489 1910 638 1946 autem
660 1902 737 1963 qui
758 1902 842 1946 nisi
869 1902 1089 1963 adjunctis
1112 1903 1193 1947 sibi
1230 1904 1381 1964 primis
1417 1919 1648 1964 erumpere

237 1989 329 2020 non
360 1972 572 2019 valerent.
612 1976 769 2035 Itaque
801 1972 968 2019 litteras
1012 1974 1098 2019 hoc
1131 1973 1287 2019 ordine
1323 1991 1413 2036 quo
1441 1976 1649 2036 expositae

237 2055 368 2102 sunt,
398 2043 570 2090 vocales
588 2080 600 2101 ,
637 2045 918 2091 semivocales
950 2054 995 2091 et
1026 2055 1170 2091 mutas
1192 2047 1453 2092 nominavit.
1480 2046 1649 2091 Deinde

238 2117 429 2178 syllabas
451 2116 622 2162 notavit
648 2136 656 2162 2
683 2115 845 2162 deinde
862 2117 997 2162 verba
1020 2118 1067 2162 in
1089 2127 1189 2163 octo
1213 2135 1373 2179 genera
1397 2118 1649 2180 formasque

241 2190 410 2249 digesta
429 2198 554 2247 sunt,
579 2188 809 2250 omnisque
838 2188 1019 2234 illorum
1046 2199 1193 2236 motus
1209 2227 1219 2247 ,
1248 2191 1500 2250 integritas,
1518 2192 1650 2252 junc-

243 2272 366 2317 tura,
393 2261 530 2321 perite
547 2260 856 2322 subtiliterque
878 2261 1083 2307 distincta
1105 2272 1222 2307 sunt.
1250 2262 1359 2307 Inde
1378 2263 1470 2323 jam
1492 2278 1650 2307 nume-

243 2348 393 2378 rorum
414 2342 458 2377 et
490 2332 774 2378 dimensionis
797 2349 889 2378 non
918 2334 1166 2391 immemor,
1194 2334 1353 2396 adjecit
1383 2336 1578 2379 animum
1603 2335 1648 2378 in

242 2405 354 2465 ipsas
376 2420 535 2449 vocum
558 2414 602 2449 et
623 2403 894 2463 syllabarum
916 2405 1055 2450 varias
1078 2421 1244 2463 moras,
1272 2416 1405 2467 atque
1428 2405 1531 2450 inde
1554 2422 1649 2465 spa-

244 2477 303 2520 tia
320 2476 528 2537 temporis
545 2476 627 2522 alia
645 2475 798 2537 dupla,
827 2476 910 2521 alia
933 2476 1089 2538 simpla
1110 2493 1200 2523 esse
1224 2478 1462 2537 comperit,
1487 2477 1648 2531 quibus
