1888 3168
317 208 399 248 402
750 222 782 249 s.
819 216 1049 250 Auensnm
1081 221 1262 251 Errscorr

308 283 537 331 claudicet.
582 285 668 331 Sed
704 295 754 332 ut
795 288 979 348 experiri
1015 302 1149 349 queas
1183 297 1349 350 quanta
1374 289 1532 336 silentii
1567 292 1697 353 hujus

307 370 512 401 mensura
532 356 611 413 sit,
636 357 749 403 adde
771 373 905 403 unam
926 357 1141 416 syllabam
1161 358 1340 419 longam
1355 395 1366 417 ‚
1386 369 1437 406 ut
1452 361 1544 417 fiat,
1576 362 1698 424 chce

306 428 483 472 canitis
499 427 698 492 fontem
725 445 810 475 vos
820 451 843 485 ;
869 439 1001 491 atque
1029 431 1114 475 1100
1136 447 1237 476 011111
1255 431 1411 492 plausu
1434 441 1580 493 repete
1602 451 1611 477 z
1630 433 1698 477 vi-

307 498 430 545 debis
460 509 633 546 tantum
667 517 879 562 occupare
915 503 1124 563 temporis
1142 502 1368 563 plausum,
1404 513 1622 565 quantum
1653 503 1699 547 in

305 572 527 631 superiore
564 574 831 634 occupabat,
865 588 967 618 cum
988 573 1049 617 ibi
1069 572 1170 618 duae
1196 573 1338 633 longae
1361 584 1459 635 post
1479 575 1698 620 choriam-

304 643 437 700 bum,
461 644 533 690 hic
561 654 644 691 tres
677 646 761 691 sint
782 644 950 691 locatae.
983 644 1108 691 Unde
1131 655 1310 706 apparet
1332 646 1471 692 duum
1500 646 1564 692 ibi
1583 656 1698 692 tem—

304 730 461 775 porum
490 716 710 777 interponi
735 716 971 763 silentium.
1004 721 1062 763 At
1091 718 1242 779 sipost
1264 719 1571 764 choriambum
1588 720 1698 764 iam-

302 785 386 831 bus
417 786 610 843 locetur,
655 788 766 832 sicut
801 789 885 833 hoc
918 798 1006 845 est,
1059 789 1182 852 choe
1220 791 1398 836 canitis
1432 789 1584 848 locos,
1616 791 1698 835 tria

304 866 500 918 tempora
528 859 655 903 silere
685 859 882 918 cogimur
916 879 925 905 ι
950 858 1072 921 quod
1094 869 1144 905 ut
1166 859 1415 920 exploretur
1431 897 1443 918 ‚
1472 861 1698 907 adduntur

300 928 389 973 sive
406 945 483 989 per
505 929 693 975 alterum
721 930 941 988 iambum,
965 931 1054 976 sive
1076 945 1156 992 per
1173 931 1373 977 chorium
1388 967 1399 988 ,
1421 932 1510 978 sive
1526 948 1604 993 per
1620 933 1698 977 tri-

302 999 515 1045 brachum
534 1002 720 1047 utsitita
739 1022 748 1048 ;
777 1002 899 1066 Quoe
913 1002 1089 1048 canitis
1111 1001 1239 1048 locos
1261 1001 1434 1048 bonos:
1451 1012 1550 1062 aut3
1576 1003 1699 1068 Quae

301 1071 476 1117 canitis
491 1071 619 1118 locos
635 1082 795 1119 monte
810 1095 832 1130 5
850 1083 925 1119 aut
945 1093 953 1120 ε
992 1074 1114 1135 Qus&
1142 1074 1316 1119 canitis
1339 1073 1468 1120 locos
1487 1090 1695 1120 nemore.

302 1142 377 1187 His
410 1145 528 1187 enim
563 1143 748 1201 additis,
785 1161 887 1190 eum
918 1145 1012 1190 sine
1045 1145 1218 1190 silentio
1234 1145 1431 1206 jocunda
1453 1156 1497 1192 et
1518 1145 1698 1207 aequalis

302 1214 502 1274 repetitio
518 1225 666 1261 movet
681 1251 692 1272 ,
713 1224 757 1260 et
773 1215 930 1276 plausu
947 1216 1146 1261 adhibito
1170 1225 1342 1261 tantum
1364 1218 1488 1278 spatii
1508 1218 1604 1262 haec
1617 1217 1699 1261 tria

299 1284 472 1346 singula
488 1295 636 1331 tenere
653 1286 941 1332 inveniuntur
955 1323 967 1343 ‚
996 1297 1215 1348 quantum
1232 1287 1346 1334 illud
1359 1289 1406 1333 in
1427 1304 1516 1350 quo
1538 1287 1699 1333 sileba-

301 1372 397 1402 mus
411 1393 423 1414 ,
447 1356 728 1403 manifestum
752 1358 803 1403 fit
833 1358 967 1403 trium
990 1368 1241 1418 temporum
1262 1360 1324 1405 ibi
1347 1375 1437 1405 esse
1458 1358 1696 1405 silentium.

303 1432 450 1474 Potest
470 1438 569 1490 post
589 1429 897 1476 choriambum
929 1445 1019 1474 una
1041 1429 1211 1488 syllaba
1232 1429 1363 1489 longa
1384 1430 1591 1475 constitui
1606 1465 1617 1486 ,
1648 1439 1700 1474 ut

299 1510 489 1561 quatuor
510 1510 710 1561 tempora
724 1500 948 1546 sileantur.
969 1503 1080 1547 Nam
1099 1501 1231 1545 etiam
1253 1501 1313 1546 010
1337 1501 1617 1546 choriambus
1635 1498 1699 1545 di-

299 1571 391 1617 vidi
423 1582 569 1633 potest
584 1607 599 1628 ,
631 1582 682 1617 ut
713 1571 870 1632 simplo
904 1582 948 1618 et
977 1571 1115 1632 duplo
1136 1571 1298 1617 levatio
1333 1572 1416 1617 sibi
1452 1571 1699 1633 positioque

298 1645 576 1690 conveniant.
602 1644 742 1705 Hujus
755 1644 884 1689 metri
896 1643 1148 1704 exemplum
1160 1653 1240 1700 est,
1269 1643 1392 1705 Quas
1406 1643 1582 1689 canitis
1604 1657 1695 1689 res.

298 1716 384 1763 Cui
404 1715 439 1760 si
461 1714 597 1760 addas
612 1714 684 1760 vel
705 1714 814 1760 duas
833 1713 988 1774 longas
1002 1749 1014 1770 ‚
1037 1713 1109 1759 vel
1125 1713 1302 1773 longam
1323 1723 1369 1759 et
1389 1713 1498 1761 duas
1515 1713 1668 1759 breves
1683 1748 1694 1769 ‚

297 1785 368 1832 vel
389 1786 568 1832 brevem
589 1793 632 1830 et
646 1785 825 1846 longam
846 1795 890 1830 et
911 1785 1092 1831 brevem
1108 1820 1120 1842 ‚
1144 1784 1216 1830 vel
1238 1785 1349 1830 duas
1368 1785 1524 1832 breves
1536 1793 1580 1831 et
1595 1784 1698 1831 lon-

298 1873 419 1919 gam,
443 1856 516 1903 vel
536 1866 726 1919 quatuor
739 1857 908 1913 breves,
929 1855 1131 1916 implebis
1152 1871 1225 1900 sex
1246 1865 1498 1917 temporum
1519 1855 1696 1917 pedem,

300 1939 352 1976 ut
378 1928 503 1977 nullo
524 1929 770 1975 desiderato
791 1927 964 1975 silentio
992 1937 1229 1988 repetatur.
1263 1928 1383 1973 Talia
1409 1937 1533 1985 sunt,
1575 1928 1699 1989 Quae

302 1998 477 2047 cccnz‘tz's
500 2016 576 2046 res
590 1997 846 2060 pulchras,
878 1999 1002 2061 Ome
1024 1999 1204 2044 canitis
1227 2015 1301 2044 res
1319 1999 1369 2044 in
1389 1998 1539 2056 bona,
1572 1999 1698 2060 Qaoe

302 2072 478 2118 canitis
499 2088 574 2117 res
600 2070 830 2117 bonumve
841 2106 856 2127 ,
885 2070 1007 2131 Qua?
1027 2070 1204 2115 canitis
1227 2085 1302 2115 res
1320 2079 1534 2127 teneras,
1573 2070 1697 2132 Quoe

301 2145 477 2190 canitis
493 2160 567 2190 res
589 2141 731 2189 modo
756 2140 889 2188 bene.
913 2141 1084 2195 Quibus
1107 2141 1292 2201 cognitis
1315 2151 1446 2202 atque
1463 2141 1695 2197 concessis,

300 2215 431 2262 credo
457 2217 533 2262 tibi
550 2217 640 2277 jam
663 2215 763 2261 satis
786 2230 1019 2275 apparere,
1044 2229 1125 2258 1100
1144 2213 1289 2258 minus
1312 2229 1402 2258 uno
1421 2223 1620 2274 tempore
1638 2214 1696 2258 si-

298 2288 379 2333 leri
405 2305 529 2350 posse
545 2324 556 2345 ,
582 2304 663 2333 1100
689 2287 788 2348 plus
815 2296 1006 2347 quatuor
1029 2285 1301 2346 temporibus
1328 2284 1444 2329 sileri
1474 2293 1690 2345 oportere.

299 2362 410 2406 Nam
441 2370 485 2406 et
504 2359 595 2421 ipsa
623 2368 686 2405 est
707 2358 781 2404 illa
803 2358 858 2403 de
883 2375 970 2420 qua
1001 2359 1092 2419 jam
1114 2356 1254 2402 multa
1276 2355 1393 2402 dicta
1413 2365 1516 2401 sunt
1538 2355 1694 2401 mode-

300 2442 390 2479 rata
413 2432 656 2493 progressio
673 2467 684 2487 ,
716 2440 759 2476 et
792 2431 838 2475 in
862 2430 1066 2475 omnibus
1088 2429 1277 2490 pedibus
1295 2427 1418 2473 nulla
1438 2427 1596 2473 levatio
1618 2436 1694 2473 aut

300 2505 457 2566 positio
479 2503 665 2564 amplius
687 2518 821 2563 quam
844 2511 1033 2563 quatuor
1056 2509 1243 2561 occupat
1268 2509 1480 2560 tempora.

360 2579 482 2622 XIX.
518 2579 672 2635 Itaque
709 2589 810 2620 eum
850 2572 1017 2633 aliquid
1045 2572 1216 2619 canitur
1255 2570 1343 2616 sive
1378 2570 1691 2631 pronuntiatur
