1852 3163
217 182 298 221 196
660 193 692 217 s.
732 190 961 219 Accusnm
995 193 1175 220 131215001‘1

210 258 330 317 parvi
356 256 531 315 pendat.
575 259 736 301 Doceat
774 257 890 300 enim
925 268 1097 317 oportet
1118 268 1162 302 ct
1199 257 1323 302 factis
1347 267 1608 317 potestatem

208 343 351 382 suam,
369 337 412 370 et
430 326 677 371 humilitate
695 327 968 372 clementiam
984 364 994 384 ‚
1014 339 1057 373 ct
1074 330 1367 390 praeceptione
1390 337 1606 383 naturam,

214 415 315 458 quae
333 398 478 442 onmia
502 398 628 442 sacris
651 398 812 458 quibus
835 398 1060 442 initiamur
1075 435 1086 454 ‚
1125 401 1328 444 secretius
1358 399 1611 458 firmiusque

216 468 449 512 traduntur
475 488 484 512 ε
510 468 554 511 in
587 468 745 527 quibus
768 467 988 512 bonorum
1009 469 1097 513 vita
1119 468 1323 514 facillime
1346 486 1436 514 non
1458 468 1612 528 dispu-

209 541 427 596 tationum
449 539 709 598 ambagibus
724 574 735 595 ‚
761 539 837 583 sed
850 540 1161 598 mysteriorum
1175 542 1434 587 auctoritate
1450 554 1612 601 purga-

208 620 299 656 tur.
338 613 541 655 ‘Humana
578 626 681 655 vero
727 611 963 656 auctoritas
995 610 1258 674 plerumque
1293 612 1406 658 fallit
1433 611 1513 657 :in
1554 611 1614 656 eis

212 693 358 727 tamen
374 684 474 742 jure
496 681 672 727 videtur
693 682 904 727 excellere
920 677 936 738 ‚⁸
967 684 1044 745 qui
1068 694 1287 745 quantum
1310 684 1613 745 imperitorum

207 771 356 800 Sensus
380 754 517 814 capit,
546 754 686 798 multa
712 754 821 798 dant
838 754 998 799 indicia
1020 755 1323 800 doctrinarum
1342 770 1544 810 suarum,
1571 762 1615 798 et

207 843 298 872 non
310 827 468 872 vivunt
483 826 615 870 aliter
632 842 765 887 quam
779 826 1017 871 vivendum
1036 844 1125 872 esse
1142 828 1421 888 praecipiunt.
1438 826 1613 881 Quibus

210 901 245 944 si
285 899 431 960 aliqua
468 899 599 943 etiam
640 898 831 943 fortunae
868 915 1050 945 munera
1098 900 1378 955 accesserint,
1427 913 1615 960 quorum

209 980 449 1032 appareant
461 987 544 1016 usu
559 971 720 1030 magni,
735 981 1082 1033 contemptuque
1093 974 1291 1033 majores,
1305 970 1616 1016 difficillimum

214 1043 397 1087 omnino
425 1051 516 1098 est,
544 1051 594 1086 ut
621 1042 678 1085 eis
711 1043 896 1103 quisque
931 1042 1109 1089 vivendi
1144 1052 1364 1104 praecepta
1407 1041 1616 1086 dantibus

214 1114 419 1171 credens,
442 1123 559 1159 recte
585 1114 876 1174 vituperetur.

216 1271 1612 1294 WWWWWWWWWWWWWWWWWWVWWWWWWWWWWMNWWQMN

752 1409 971 1460 CAPUT
1028 1412 1093 1458 X.

458 1546 590 1593 Vz'tce
600 1554 853 1606 proecepta
872 1545 1025 1605 pauci
1040 1551 1376 1603 assequuntur.

275 1685 485 1728 XXVIII.
509 1685 590 1728 H1c
613 1683 799 1743 Alypius
823 1702 832 1728 :
852 1686 1116 1742 Permagna‚
1140 1682 1306 1743 inquit,
1341 1680 1443 1725 vitae
1476 1680 1619 1739 imago

213 1756 290 1800 ahs
317 1765 358 1800 te
376 1764 476 1799 ante
500 1753 649 1799 oculos
668 1763 858 1809 nostros,
884 1770 986 1799 cum
1007 1754 1153 1814 plene‚
1171 1763 1266 1798 tum
1284 1752 1475 1798 breviter
1496 1767 1620 1796 cons-

217 1828 346 1871 tituta
360 1837 424 1871 est
441 1845 449 1871 ε
467 1826 538 1871 cui
551 1826 748 1886 quamvis
761 1824 1025 1885 quotidianis
1038 1823 1267 1884 praeceptis
1281 1823 1366 1868 tuis
1380 1822 1615 1877 inhiemus,

215 1908 360 1943 tamen
383 1914 461 1942 nos
473 1896 605 1941 hodie
618 1895 866 1956 cupidiores
882 1896 1269 1955 flagrantioresque
1283 1892 1531 1938 reddidisti.
1548 1891 1619 1937 Ad

214 1985 366 2030 quam,
389 1968 423 2013 si
440 1967 533 2012 ficri
553 1976 710 2027 posset,
739 1982 828 2011 non
850 1966 990 2011 solum
1013 1982 1108 2021 nos,
1132 1965 1416 2009 verumetiam
1438 1972 1620 2008 cunctos

214 2041 413 2086 homines
427 2041 516 2099 jam
529 2038 772 2099 pervenire,
786 2047 829 2082 et
843 2036 985 2081 eidem
1000 2037 1213 2080 inhaerere
1225 2050 1446 2095 cuperem,
1463 2043 1514 2078 ut
1524 2034 1619 2078 haec

214 2112 343 2157 sicuti
364 2111 519 2156 auditu
545 2109 783 2164 mirabilia,
816 2109 874 2153 ita
899 2117 1021 2152 esent
1041 2107 1284 2152 imitatione
1318 2104 1478 2149 facilia.
1509 2107 1619 2150 Nam

221 2185 366 2229 nescio
389 2183 638 2245 quomodo,
661 2180 783 2242 quod
810 2181 981 2225 utinam
999 2179 1069 2225 vel
1101 2196 1125 2223 a
1147 2179 1273 2223 nobis
1294 2176 1450 2238 procul
1480 2175 1616 2231 absit,

216 2257 386 2301 animus
405 2258 625 2301 humanus
647 2254 755 2298 dum
777 2254 870 2297 haec
890 2251 1133 2306 audiendo,
1161 2250 1350 2295 coelestia
1369 2285 1380 2305 ‚
1406 2248 1553 2293 divina
1570 2264 1619 2292 ac

216 2345 390 2390 prorsus
432 2343 531 2373 vera
581 2342 671 2372 esse
710 2324 951 2385 proclamet
973 2360 984 2380 ‚
1028 2324 1074 2367 in
1111 2321 1357 2383 appetendo
1403 2319 1530 2365 aliter
1573 2334 1618 2363 se

220 2401 332 2460 gerit
349 2435 360 2455 ‚
386 2410 437 2444 ut
460 2399 568 2443 mihi
585 2397 856 2444 verissimum
886 2396 1086 2440 videatur
1108 2403 1184 2438 aut
1200 2392 1366 2438 divinos
1386 2390 1610 2445 homines,

219 2482 296 2516 aut
309 2488 398 2517 non
412 2471 501 2514 sine
525 2470 671 2515 divina
693 2485 775 2529 ope
793 2468 852 2513 sic
868 2467 1028 2512 vivere.
1047 2463 1131 2511 Cui
1147 2480 1225 2523 ego
1252 2484 1261 2509 ε
1279 2467 1382 2508 Haec
1401 2469 1619 2523 praecepta

220 2541 395 2587 vivendi
413 2577 423 2597 ⁷
449 2557 548 2602 quae
572 2540 651 2585 tibi
667 2576 677 2595 ‚
699 2549 749 2583 ut
763 2554 933 2598 semper
948 2573 958 2593 ‚
979 2536 1219 2596 plurimum
1234 2534 1410 2595 placent
1425 2569 1436 2589 ‚
1456 2530 1588 2591 Alypi
1603 2565 1614 2585 ‚
