1883 3194
292 191 346 229 18
733 201 766 225 s.
802 197 1032 227 Accusrmi
1064 196 1244 223 misceri

283 266 362 313 vit.
393 264 586 324 Evigila,
622 261 802 322 evigila,
829 278 906 308 oro
928 271 999 319 te,
1033 261 1248 317 multum,
1272 261 1554 317 mihicrede,
1576 277 1674 321 gra-

283 335 493 382 tulaberis
514 332 635 396 quod
656 349 768 394 pene
790 332 920 378 nullis
943 332 1317 394 prosperitatibus,
1338 332 1499 393 quibus
1517 341 1673 378 tenen-

284 416 357 453 tur
387 406 577 462 incauti,
613 403 769 451 mundi
803 404 932 464 hujus
959 403 1040 448 tibi
1063 402 1180 448 dona
1201 402 1399 448 blandita
1419 412 1549 448 sunt:
1573 419 1674 465 quac

284 478 517 538 meipsum
537 491 692 536 capere
719 473 1015 520 moliebantur
1050 474 1247 535 quotidie
1278 474 1358 519 ista
1394 483 1670 530 cantantem,

283 548 366 593 nisi
388 564 460 594 me
486 546 674 608 pectoris
695 545 822 591 dolor
853 554 1078 591 ventosam
1113 543 1423 605 professionem
1460 546 1672 607 abjicere,

281 628 327 666 et
349 619 396 664 in
414 617 702 680 philosophiae
724 617 938 676 gremium
966 615 1203 677 confugere
1233 618 1454 676 coegisset.
1485 620 1582 678 Ipsa
1604 632 1673 662 me

283 706 404 737 nunc
441 691 489 736 in
520 691 632 746 otio,
670 689 795 751 quod
826 689 1108 734 vehementer
1141 689 1413 749 optavimus,
1453 689 1592 734 nutrit
1624 705 1674 734 ac

281 761 429 807 fovet:
454 762 545 822 ipsa
576 776 646 806 me
677 764 852 821 penitus
882 760 938 804 ab
973 759 1048 805 illa
1081 760 1439 820 superstitione2,
1472 760 1518 804 in
1539 775 1673 821 quam

281 841 326 879 te
346 849 521 879 mecum
542 832 810 894 praecipitem
830 831 1034 876 dederam
1050 867 1062 888 ,
1081 831 1296 877 liberavit.
1324 835 1421 892 Ipsa
1442 831 1560 876 enim
1590 830 1673 876 do-

277 915 365 963 cet,
389 915 433 951 et
454 922 555 952 vere
576 905 706 950 docet
726 903 837 949 nihil
858 904 1037 949 omnino
1059 903 1296 949 colendum
1311 919 1417 959 esse,
1442 912 1674 964 totumque

279 977 504 1023 contemni
523 985 726 1037 oportere
741 1011 753 1031 ,
778 973 998 1036 quidquid
1021 974 1279 1021 mortalibus
1301 973 1437 1021 oculis
1449 973 1641 1019 cernitur
1658 1009 1670 1030 ,

277 1048 501 1110 quidquid
517 1047 633 1092 ullus
654 1062 803 1092 sensus
825 1046 1040 1104 attingit1.
1063 1049 1160 1107 Ipsa
1180 1045 1453 1092 verissimum
1473 1055 1517 1090 et
1533 1060 1674 1090 secre-

276 1121 494 1166 tissimum
523 1124 665 1166 Deum
685 1118 913 1180 perspicue
934 1135 978 1163 se
1000 1118 1397 1164 demonstraturam
1425 1118 1667 1179 promittit,

274 1201 320 1238 et
342 1193 436 1254 jam
460 1193 642 1253 jamque
668 1190 792 1252 quasi
813 1206 892 1251 per
911 1189 1081 1236 lucidas
1112 1190 1251 1236 nubes
1273 1198 1492 1236 ostentare
1512 1187 1672 1249 digna-

275 1273 363 1310 tur.

334 1336 413 1381 IV.
439 1336 494 1379 In
513 1334 595 1380 hac
611 1346 786 1379 mecum
806 1331 1122 1378 studiosissime
1135 1332 1245 1379 vivit
1260 1341 1409 1380 noster
1430 1331 1668 1378 Licentius:

275 1405 335 1453 ad
372 1420 470 1451 eam
504 1414 625 1451 totus
657 1421 682 1450 a
709 1404 981 1465 juvenilibus
1021 1403 1241 1451 illecebris
1282 1404 1673 1465 voluptatibusque

273 1491 509 1525 conversus
531 1485 623 1532 est,
648 1475 709 1520 ita
729 1484 780 1520 ut
797 1490 899 1520 eum
920 1491 1013 1520 non
1033 1484 1198 1521 temere
1218 1476 1334 1538 patri
1363 1475 1547 1521 audeam
1572 1475 1673 1519 imi-

278 1549 462 1596 tandum
482 1562 743 1609 proponere.
770 1546 1051 1609 Philosophia
1083 1557 1149 1594 est
1170 1548 1310 1604 enim,
1335 1564 1359 1592 a
1377 1548 1501 1609 cujus
1518 1546 1671 1592 uberi-

275 1622 359 1668 bus
375 1637 420 1667 se
441 1619 562 1667 nulla
580 1628 684 1664 aetas
703 1628 912 1681 queretur
933 1618 1106 1664 excludi
1124 1639 1134 1665 ฮน
1158 1619 1214 1665 ad
1235 1635 1367 1681 quam
1385 1620 1551 1666 avidius
1567 1619 1671 1664 reti-

274 1691 469 1739 nendam
489 1700 534 1736 et
553 1689 844 1735 hauriendam
874 1707 963 1751 quo
995 1700 1039 1735 te
1056 1690 1304 1747 incitarem,
1330 1691 1527 1752 quamvis
1550 1699 1670 1736 tuam

272 1764 392 1810 sitim
417 1763 531 1808 bene
552 1761 772 1817 noverim,
796 1770 972 1820 gustum
995 1770 1144 1806 tamen
1164 1761 1338 1806 mittere
1358 1761 1502 1817 volui,
1536 1776 1669 1822 quem

277 1837 355 1882 tibi
385 1834 709 1888 suavissimum,
744 1841 788 1877 et
823 1842 875 1878 ut
907 1833 968 1878 ita
1002 1833 1167 1890 dicam,
1207 1833 1524 1878 inductorium
1548 1831 1665 1888 fore,

274 1917 379 1969 peto
410 1922 467 1952 ne
503 1904 664 1950 frustra
698 1904 975 1964 speraverim.
1002 1906 1113 1950 Nam
1150 1902 1513 1963 disputationem,
1534 1920 1668 1965 quam

274 1980 389 2025 inter
417 1993 462 2023 se
496 1974 727 2035 Trygetius
760 1983 804 2019 et
836 1975 1056 2020 Licentius
1102 1975 1373 2034 habuerunt,
1414 1974 1592 2019 relatam
1622 1975 1668 2020 in

273 2051 440 2097 litteras
458 2048 538 2094 tibi
558 2046 669 2091 misi.
694 2045 826 2091 Illum
845 2046 962 2091 enim
984 2062 1160 2108 quoque
1182 2046 1519 2101 adolescentem,
1544 2046 1667 2107 quasi

272 2124 330 2169 ad
361 2119 691 2180 detergendum.
722 2117 948 2163 fastidium
989 2118 1344 2178 disciplinarum,
1384 2117 1661 2179 aliquantum

270 2195 357 2242 sihi
377 2199 628 2253 usurpasset
646 2189 823 2245 militia,
847 2189 909 2234 ita
930 2189 1058 2235 nobis
1080 2205 1336 2248 magnarum
1357 2189 1665 2234 honestarum-

273 2281 360 2328 que
402 2265 563 2310 artium
615 2260 966 2306 ardentissimum
1015 2261 1408 2321 edacissimumque
1459 2260 1661 2305 restituit.

273 2337 476 2384 Pauculis
509 2335 643 2394 igitur
675 2332 829 2378 diebus
864 2333 1111 2387 transactis,
1151 2340 1436 2393 posteaquam
1478 2332 1523 2376 in
1561 2347 1665 2391 agro

271 2410 417 2455 vivere
449 2406 684 2466 coepimus,
710 2420 811 2449 cum
833 2420 905 2448 eos
937 2403 992 2448 ad
1014 2403 1157 2448 studia
1184 2404 1363 2448 hortans
1398 2412 1531 2463 atque
1565 2403 1662 2448 ani-

274 2495 419 2536 mans,
439 2477 554 2522 ultra
575 2491 705 2537 quam
724 2484 973 2535 optaveram
993 2483 1165 2534 paratos
1184 2483 1228 2518 et
1248 2489 1424 2534 prorsus
1446 2474 1662 2519 inhiantes

326 2585 335 2601 ยน
357 2589 368 2610 1
392 2579 534 2609 Reti-act.
553 2584 624 2617 vap.
652 2584 677 2604 r.
