1852 3163
636 162 761 190 mmm
794 162 847 191 DE
880 159 1013 189 BEATA
1049 162 1163 189 viv..
1507 150 1586 194 137

205 237 295 273 tror
317 229 501 275 veritati.
529 228 764 275 Plenitudo
791 229 926 288 igitur
953 237 996 273 et
1026 238 1191 288 egestas
1213 229 1430 274 contraria
1471 238 1600 276 sunt:

205 309 248 344 at
271 302 401 346 etiam
418 301 490 346 hie
507 300 727 358 similiter,
749 309 800 346 ut
820 300 866 344 in
889 299 1087 361 nequitia
1109 309 1152 344 et
1170 298 1420 359 frugalitate
1435 337 1446 357 ‚
1469 316 1605 362 appa-

204 381 302 417 rent
317 371 390 418 illa
412 372 527 428 duo,
553 387 643 417 esse
666 381 710 417 et
723 389 813 418 non
839 387 943 417 esse.
963 374 1021 416 Et
1045 371 1080 415 si
1102 380 1268 431 egestas
1291 380 1355 415 est
1379 372 1471 432 ipsa
1492 371 1605 417 stul-

204 444 320 500 titia,
346 442 575 505 plenitudo
595 444 677 488 erit
698 444 926 505 sapientia.
947 443 1104 488 Merito
1127 443 1258 487 etiam
1280 443 1495 489 virtutum
1513 460 1608 489 om-

203 515 327 559 nium
358 524 543 560 matrem
571 514 700 559 multi
738 515 1033 574 frugalitatem
1068 530 1156 559 csse
1189 514 1409 559 dixerunt.
1437 515 1607 568 Quibus

204 587 479 631 consentiens
502 586 671 632 Tullius
693 587 825 633 etiam
847 587 893 631 in
908 586 1110 648 populari
1134 586 1331 632 oratione
1349 587 1430 638 ait:
1457 589 1514 632 Ut
1534 603 1609 632 vo-

202 658 264 703 let
286 657 473 721 quisque
495 660 702 721 accipiat:
729 674 808 718 ego
831 669 979 704 tamen
997 658 1295 719 frugalitatem
1313 694 1323 714 ,
1343 658 1387 703 id
1411 668 1490 714 est,
1510 674 1608 704 mo-

204 729 385 775 destiam
400 741 443 776 et
455 732 790 793 temperantiam
805 769 815 788 ,
832 732 1041 778 virtutem
1059 748 1150 776 esse
1166 730 1398 776 maximam
1410 731 1561 792 judico
1573 734 1604 776 ¹.

204 805 385 849 Prorsus
427 802 676 849 doctissime
709 821 758 849 ac
793 804 1121 850 decentissime:
1159 802 1454 848 consideravit
1490 803 1607 847 enim

204 872 398 932 frugem,
423 873 469 919 id
491 883 577 931 est,
602 874 715 920 illud
740 875 861 937 quod
889 891 978 920 esse
1002 874 1186 920 dicimus
1201 911 1211 931 ‚
1239 875 1310 920 cui
1329 883 1393 919 est
1413 890 1504 919 non
1521 890 1612 919 esse

204 945 487 990 contrarium.
520 946 605 991 Sed
641 956 820 1007 propter
846 947 1070 1007 vulgarem
1088 945 1300 1008 loquendi
1322 945 1610 991 consuetudi-

203 1031 305 1060 nem
320 1052 330 1072 ,
353 1033 440 1078 qua
462 1016 689 1077 frugalitas
711 1018 834 1079 quasi
863 1018 1134 1078 parcimonia
1164 1016 1250 1063 dici
1271 1016 1403 1073 solet,
1431 1017 1606 1062 duobus

204 1087 574 1147 consequentibus
613 1086 723 1149 quid
765 1089 947 1133 senserit
968 1125 978 1145 ‚
1019 1087 1253 1133 illustravit
1276 1124 1287 1144 ‚
1333 1087 1605 1148 subjiciendo

202 1158 462 1203 modestiam
479 1168 523 1205 et
541 1160 906 1222 temperantiam:
923 1169 967 1206 et
985 1161 1080 1207 haec
1098 1159 1187 1206 duo
1205 1159 1341 1207 verba
1356 1158 1611 1220 diligentius

205 1230 498 1279 attendamus.

622 1447 888 1503 ,Plenitudo
918 1450 1188 1514 sapientise.

263 1572 453 1619 XXXII.
474 1575 701 1619 Momzswni
721 1572 877 1633 utique
894 1570 1010 1617 dicta
1033 1581 1096 1617 est
1113 1587 1138 1616 a
1158 1569 1313 1628 modo,
1332 1579 1376 1617 et
1397 1586 1421 1616 a
1438 1580 1610 1632 tempe-

206 1645 267 1690 rie
289 1645 593 1705 temperantia.
624 1644 709 1690 Ubi
731 1652 878 1688 autem
906 1641 1064 1687 modus
1088 1651 1152 1687 est
1174 1651 1306 1704 atque
1339 1643 1572 1703 temperies
1587 1678 1599 1699 ,

205 1732 286 1762 nec
308 1716 407 1778 plus
430 1726 495 1762 est
516 1716 762 1778 quidquam
784 1730 866 1759 nec
891 1714 1051 1759 minus.
1081 1717 1178 1775 Ipsa
1213 1723 1277 1758 est
1309 1714 1444 1774 igitur
1465 1714 1610 1774 pleni-

205 1788 336 1845 tudo,
358 1804 493 1850 quam
522 1789 701 1847 egestati
723 1788 990 1832 contrariam
1008 1802 1294 1847 posueramus
1313 1822 1323 1842 ⁷
1349 1786 1492 1831 multo
1515 1802 1611 1831 me-

202 1859 286 1905 lius
299 1876 432 1923 quam
446 1860 480 1904 si
496 1859 814 1905 abundantiam
830 1874 1106 1919 poneremus.
1133 1861 1183 1901 ln
1203 1857 1476 1902 abundantia
1492 1858 1610 1902 enim

204 1930 464 1991 intelligitur
476 1932 701 1976 affluentia
719 1940 761 1975 et
775 1930 898 1991 quasi
920 1930 980 1973 rei
995 1928 1181 1973 nimium
1199 1928 1476 1973 exuberantis
1495 1929 1611 1973 effu-

205 2003 283 2047 sio.
311 2003 442 2057 Quod
464 2018 567 2048 cum
581 2003 727 2049 evenit
748 2001 862 2047 ultra
886 2017 1019 2062 quam
1037 2001 1138 2045 satis
1159 2010 1244 2057 est,
1271 2001 1402 2044 etiam
1420 2000 1482 2044 ibi
1496 2000 1612 2045 desi-

207 2074 385 2120 deratur
407 2073 588 2130 modus,
609 2084 653 2117 et
681 2089 748 2118 res
780 2090 880 2134 quae
903 2073 1038 2117 nimia
1073 2083 1163 2129 est,
1196 2073 1330 2117 modo
1353 2082 1465 2132 eget.
1493 2076 1611 2133 Ergo

207 2163 288 2192 nec
311 2147 366 2191 ab
389 2147 482 2207 ipsa
495 2145 788 2190 redundantia
803 2154 967 2204 egestas
990 2145 1129 2190 aliena
1154 2154 1217 2190 est
1236 2166 1246 2203 3
1266 2162 1289 2189 a
1312 2143 1445 2190 modo
1463 2155 1614 2190 autem

207 2227 251 2262 et
272 2217 395 2278 plus,
421 2226 465 2261 et
485 2218 630 2262 minus
653 2216 793 2262 aliena
815 2226 933 2261 sunt.
960 2220 1106 2277 Ipsam
1127 2218 1259 2262 etiam
1281 2217 1555 2278 opulentiam
1577 2217 1611 2261 si

209 2288 436 2344 discutias,
460 2288 654 2333 invenies
678 2284 774 2333 eam
791 2287 902 2333 nihil
930 2287 1051 2333 aliud
1080 2299 1228 2334 tenere
1253 2305 1385 2350 quam
1408 2289 1608 2334 modum.

209 2363 320 2406 Nam
348 2358 522 2404 nonnisi
545 2359 601 2403 ab
619 2375 702 2420 ope
735 2358 851 2404 dieta
869 2369 933 2404 est
949 2359 1187 2421 opulentia.
1210 2360 1444 2415 Quomodo
1462 2370 1612 2405 autem

210 2430 473 2493 opitulatur,
493 2430 615 2493 quod
637 2431 824 2480 nimium
841 2441 927 2489 est,
951 2448 1054 2480 cum
1076 2432 1396 2480 incommodius
1412 2433 1466 2479 sit
1487 2447 1603 2492 saepe

262 2535 269 2550 ¹
299 2529 386 2561 Orat⁴
411 2537 467 2570 pro
485 2528 649 2571 Dejotaro.
