1888 3168
673 159 727 186 DE
759 156 914 186 ziusreA
948 160 1032 187 Lm.
1070 159 1127 187 vi.
1522 148 1604 188 493

209 325 279 341 ΜἏ
285 323 1607 342 wuwtmummmmmmvumummmmwmwuwuwuwmmmmmmwmm

723 445 942 497 CAPUT
998 447 1086 495 IX.

170 608 189 632 ‘e
204 591 419 640 Numeri
442 590 533 637 aliz·
553 593 602 637 in
624 593 795 638 anima
818 589 1241 655 illisjudicz'alc'bas
1255 591 1604 653 prcecellentes.

262 732 435 775 XXIII.
472 733 572 776 ΗΜ,
593 746 695 777 cum
712 732 772 776 ita
795 732 896 787 sint,
921 747 1148 787 conemur,
1174 731 1209 776 si
1232 746 1479 792 possumus,
1505 732 1609 778 istos

203 816 410 846 numeros
422 801 655 863 judiciales
677 802 1003 859 transcendere,
1025 812 1069 848 et
1084 818 1333 863 quaeramus
1355 812 1507 847 utrum
1522 804 1609 848 sint

203 874 462 934 superiores.
492 877 544 918 In
571 874 638 919 his
661 876 779 920 enim
814 891 1069 937 quanquam
1093 876 1229 936 spatia
1253 885 1502 936 temporum
1516 876 1609 937 jam

202 945 382 990 minime
395 945 640 1002 videamus,
658 962 750 992 non
771 957 920 992 tamen
934 947 1218 1003 adhibentur,
1245 947 1327 992 nisi
1345 946 1402 992 ad
1423 963 1472 992 ea
1487 947 1609 1008 judi-

202 1017 343 1062 canda
357 1033 458 1078 quae
475 1018 520 1062 in
547 1018 687 1078 spatio
710 1020 918 1079 temporis
939 1019 1077 1077 fiunt3
1097 1035 1177 1064 nec
1199 1019 1286 1079 ipsa
1308 1018 1491 1080 quidem
1509 1035 1607 1064 om-

201 1088 290 1144 nia,
317 1087 394 1133 sed
414 1104 515 1149 quae
538 1099 723 1149 possunt
746 1090 968 1153 articulari
990 1091 1268 1136 memoriter:
1295 1091 1377 1136 nisi
1395 1090 1504 1152 quid
1526 1092 1607 1136 ha-

200 1159 278 1204 bes
307 1158 421 1204 forte
453 1159 576 1221 quod
606 1171 758 1206 contra
791 1162 887 1207 haec
925 1162 1033 1207 velis
1067 1162 1227 1207 dicere.
1263 1166 1314 1208 D.
1352 1165 1502 1208 Movet
1537 1179 1607 1208 me

200 1230 443 1292 plurimum
475 1231 661 1276 istorum
687 1232 968 1294 judicialium
1004 1234 1068 1279 vis
1092 1243 1224 1295 atque
1264 1235 1484 1295 potentia,
1526 1235 1608 1295 ipsi

200 1303 318 1347 enim
340 1303 450 1348 mihi
466 1302 675 1349 videntur
691 1320 780 1349 esse
797 1304 854 1350 ad
875 1320 985 1366 quos
1009 1305 1207 1350 omnium
1229 1321 1439 1358 sensuum
1461 1306 1609 1351 minis-

200 1375 311 1419 teria
332 1374 603 1420 referuntur.
632 1379 787 1435 Itaque
801 1376 866 1420 his
885 1375 1170 1420 excellentius
1189 1386 1341 1421 utrum
1359 1376 1607 1437 quidquam

200 1446 247 1489 in
265 1446 459 1490 numeris
481 1445 671 1490 inveniri
691 1447 843 1506 possit,
868 1448 1037 1506 ignoro.
1063 1450 1125 1493 M.
1153 1448 1272 1492 Nihil
1287 1447 1459 1504 deperit
1483 1447 1606 1506 quod

199 1514 450 1572 diligentius
474 1517 728 1574 quaerimus.
754 1520 843 1562 Aut
867 1519 983 1561 enim
1005 1514 1279 1560 inveniemus
1304 1516 1607 1573 superioresin

200 1586 345 1630 anima
367 1586 576 1640 humana,
609 1594 683 1629 aut
702 1585 781 1630 hos
799 1585 846 1628 in
864 1600 914 1629 ea
933 1599 1127 1629 summos
1149 1600 1238 1628 esse
1261 1585 1549 1642 firmabimus,
1572 1587 1607 1630 si

199 1667 350 1702 tamen
372 1656 483 1702 illud
523 1656 730 1702 claruerit
746 1692 757 1713 7
796 1656 941 1701 nullos
978 1657 1025 1700 in
1059 1672 1106 1700 ea
1145 1672 1235 1701 esse
1263 1658 1602 1717 praestantiores.

199 1729 336 1774 Aliud
358 1739 422 1774 est
443 1729 560 1774 enim
576 1745 667 1774 non
689 1743 796 1784 esse,
823 1727 943 1772 aliud
961 1743 1051 1772 non
1071 1743 1196 1788 posse
1209 1727 1412 1784 inveniri,
1438 1730 1526 1774 sive
1550 1730 1605 1774 ab

198 1800 292 1846 ullo
311 1801 494 1846 homine
508 1836 519 1857 ‚
547 1801 636 1846 sive
664 1816 687 1845 a
710 1800 852 1845 nobis.
882 1799 968 1845 Sed
987 1814 1066 1858 ego
1088 1809 1198 1860 puto
1224 1815 1326 1844 cum
1342 1799 1417 1844 ille
1437 1817 1461 1845 a
1481 1801 1605 1846 nobis

195 1873 448 1934 propositus
470 1887 619 1917 versus
644 1872 840 1927 canitur,
870 1870 1006 1916 Deus
1038 1881 1234 1916 creator
1264 1872 1499 1927 omnium,
1526 1888 1605 1917 nos

198 1959 302 1989 eum
317 1953 361 1988 et
375 1943 683 1989 occursoribus
704 1943 789 1988 illis
804 1942 997 1987 numeris
1015 1941 1182 1999 audire,
1198 1951 1242 1987 et
1258 1943 1606 1989 recordabilibus

198 2031 510 2076 recognoscere
525 2051 536 2071 7
564 2024 607 2060 et
630 2015 984 2076 progressoribus
1001 2015 1289 2076 pronuntiare
1306 2051 1316 2071 ‚
1335 2024 1378 2059 et
1398 2015 1466 2060 his
1483 2016 1606 2076 judi-

198 2086 384 2132 cialibus
406 2087 641 2143 delectari‚
667 2096 712 2132 et
731 2087 879 2132 nescio
901 2087 1064 2148 quibus
1088 2086 1181 2131 aliis
1204 2088 1420 2132 aestimare
1438 2123 1447 2143 a
1486 2097 1529 2132 et
1550 2087 1605 2132 dc

199 2159 280 2203 ista
303 2157 598 2203 delectatione
620 2175 722 2219 quae
743 2158 869 2220 quasi
889 2159 1105 2203 sententia
1128 2167 1192 2203 est
1207 2157 1605 2219 judicialiumisto-

200 2246 316 2287 rum,
334 2229 464 2275 aliam
486 2230 732 2275 secundum
753 2232 833 2275 hos
855 2230 1108 2276 latentiores
1126 2231 1354 2276 certiorem
1376 2230 1489 2276 ferre
1506 2248 1606 2276 sen-

200 2303 400 2348 tentiam.
420 2305 491 2347 An
504 2303 584 2347 tibi
603 2318 744 2347 unum
768 2311 901 2363 atque
915 2302 1033 2347 idem
1045 2302 1222 2348 videtur
1236 2301 1441 2348 delectari
1455 2319 1599 2360 sensu⁷

201 2383 246 2418 et
273 2373 487 2418 {estimare
520 2373 716 2419 ratione?
749 2375 802 2418 D.
829 2373 1006 2423 Diversa
1035 2389 1125 2417 esse
1159 2372 1314 2418 fateor.
1347 2372 1433 2419 Sed
1462 2374 1604 2435 primo

201 2446 296 2506 ipso
319 2459 499 2491 moveor
519 2444 755 2501 vocabulo,
783 2460 862 2490 cur
883 2460 974 2490 non
995 2445 1142 2505 potius
1156 2445 1226 2490 isti
1247 2455 1462 2490 vocentur
1478 2445 1601 2507 judi-

201 2516 331 2562 ciales
353 2517 516 2578 quibus
538 2517 651 2564 inest
672 2517 805 2574 ratio,
835 2531 970 2578 quam
993 2516 1063 2562 isti
1084 2517 1247 2578 quibus
1268 2516 1380 2563 inest
1409 2516 1601 2563 delecta-
