1888 3168
267 191 350 231 400
701 203 733 228 s.
772 200 1003 230 Accessum
1037 202 1221 230 Emscom

264 279 307 313 ct
330 268 515 322 desinat,
541 266 625 311 alio
655 276 852 328 tempore
881 268 1055 313 initium
1081 269 1196 329 ejus,
1222 277 1266 313 et
1287 267 1371 313 alio
1395 268 1491 314 finis
1513 279 1652 314 sonat.

267 337 479 383 Tenditur
509 353 611 397 ergo
643 347 686 383 et
723 339 813 399 ipsa
845 338 1254 401 quantulocumque
1282 339 1488 400 temporis
1519 340 1656 385 inter-

262 410 396 466 vallo,
421 419 465 455 et
487 410 542 454 ab
564 410 689 455 initio
707 426 786 456 suo
802 426 881 470 per
903 409 1100 455 medium
1118 426 1247 455 suum
1265 409 1407 455 tendit
1429 409 1485 455 ad
1506 411 1653 455 finem.

264 485 330 526 Ita
371 481 480 525 ratio
521 481 687 526 invenit
736 490 826 525 tam
864 480 1019 526 localia
1058 497 1191 542 quam
1232 480 1487 542 temporalia
1523 482 1658 541 spatia

262 553 481 598 infinitam
506 553 763 598 divisionem
790 553 1004 613 recipere3
1040 563 1084 598 et
1105 552 1268 599 idcirco
1288 553 1453 599 nullius
1478 552 1658 612 syllabae

262 640 364 669 cum
379 623 503 669 initio
521 624 618 669 finis
635 622 828 669 auditur.
846 626 897 668 In
911 623 1128 670 audienda
1145 624 1293 686 itaque
1314 625 1385 671 vel
1406 624 1658 670 brevissima

261 694 454 754 syllaba,
480 695 561 741 nisi
584 695 794 740 memoria
817 711 895 740 nos
918 695 1122 757 adjuvet,
1148 705 1200 741 ut
1222 712 1273 741 eo
1295 705 1520 741 momento
1543 706 1658 741 tem-

260 768 377 829 poris
393 785 483 830 quo
491 770 583 830 jam
598 784 687 813 non
704 768 895 824 initium,
910 767 986 813 sed
1004 768 1102 814 finis
1122 768 1305 827 syllabae
1326 777 1468 824 sonat,
1484 777 1659 813 maneat

260 840 334 886 ille
357 851 500 886 motus
522 841 569 885 in
586 841 748 896 animo,
769 841 846 902 qui
867 840 1010 886 factus
1032 850 1096 886 est
1118 857 1220 886 cum
1243 841 1418 886 initium
1433 841 1577 902 ipsum
1594 857 1660 886 so—

261 911 380 968 nuit,
407 911 516 956 nihil
539 927 618 956 nos
646 910 817 958 audisse
846 927 1075 973 possumus
1106 911 1266 957 dicere.
1301 912 1416 958 Hinc
1447 921 1511 957 est
1548 911 1659 956 illud

261 981 383 1045 quod
403 981 664 1044 plerumque
682 982 765 1028 alia
782 984 1047 1042 cogitatione
1065 984 1282 1045 occupati,
1301 999 1448 1028 coram
1468 981 1658 1044 loquen-

259 1065 323 1100 tes
345 1071 435 1100 non
453 1055 578 1100 nobis
600 1054 804 1101 videmur
825 1055 994 1101 audisse
1022 1074 1030 1101 :
1057 1071 1148 1100 non
1170 1056 1274 1116 quia
1294 1069 1542 1101 occursores
1564 1053 1661 1099 illos

261 1142 466 1172 numeros
488 1143 578 1171 non
601 1128 692 1187 agit
713 1137 820 1172 tunc
843 1127 1008 1183 anima,
1038 1142 1139 1172 cum
1161 1127 1252 1171 sine
1274 1125 1412 1171 dubio
1438 1141 1569 1171 sonus
1604 1124 1660 1170 ad

262 1214 386 1243 aures
409 1199 663 1259 perveniat,
696 1208 740 1243 et
759 1198 834 1243 illa
867 1199 911 1243 in
945 1199 1146 1259 passione
1179 1199 1372 1258 corporis
1401 1197 1467 1242 sui
1496 1212 1661 1242 cessare

260 1285 351 1315 non
372 1270 522 1330 possit,
548 1285 629 1315 nec
651 1270 785 1330 possit
808 1269 889 1314 nisi
912 1269 1037 1314 aliter
1058 1270 1224 1315 moveri
1253 1284 1388 1330 quam
1410 1269 1445 1313 si
1466 1267 1541 1313 illa
1569 1283 1660 1313 non

259 1341 412 1399 fieret3
438 1340 514 1386 sed
542 1342 644 1403 quia
675 1340 920 1385 intentione
954 1341 1001 1384 in
1025 1340 1144 1385 aliud
1168 1340 1357 1385 subinde
1393 1339 1661 1399 extinguitur

261 1413 466 1458 motionis
487 1414 695 1474 impetus,
713 1413 789 1475 qui
812 1413 846 1457 si
866 1422 1081 1468 maneret,
1102 1413 1148 1456 in
1170 1414 1379 1457 memoria
1398 1412 1554 1472 utique
1571 1427 1662 1455 ma-

262 1492 401 1538 neret,
427 1491 478 1526 ut
495 1497 573 1526 nos
596 1490 640 1525 et
661 1485 956 1528 inveniremus
974 1493 1017 1529 et
1038 1484 1298 1528 sentiremus
1322 1483 1504 1528 audisse.
1531 1481 1662 1536 Quod

260 1553 295 1598 si
315 1553 370 1597 de
391 1568 479 1597 una
501 1552 669 1610 syllaba
688 1552 811 1597 brevi
830 1555 974 1596 minus
997 1554 1196 1612 sequitur
1218 1567 1340 1595 mens
1360 1551 1526 1596 tardior
1539 1552 1661 1612 quod

262 1624 429 1669 invenit
447 1623 572 1679 ratio„
594 1622 648 1668 de
673 1622 846 1667 duabus
869 1631 987 1667 certe
1004 1637 1134 1667 nemo
1159 1621 1350 1678 dubitat,
1378 1623 1488 1684 quin
1510 1638 1580 1668 eas
1603 1623 1660 1667 si-

262 1694 357 1739 mul
379 1694 501 1739 nulla
518 1694 663 1739 anima
685 1694 820 1755 possit
840 1694 1006 1739 audire.
1027 1696 1125 1740 Non
1159 1694 1277 1739 enim
1299 1703 1425 1739 sonat
1448 1693 1656 1750 secunda,

264 1766 345 1811 nisi
357 1767 498 1827 prima
511 1766 728 1811 destiterit
746 1786 754 1811 z
778 1766 900 1827 quod
914 1775 1061 1811 autem
1073 1766 1204 1812 simul
1225 1781 1379 1811 sonare
1394 1781 1484 1811 non
1496 1775 1655 1826 potest,

263 1838 393 1884 simul
421 1838 563 1883 audiri
584 1839 661 1898 qui
682 1839 854 1898 potest?
889 1840 942 1883 Ut
963 1838 1097 1898 igitur
1119 1854 1197 1883 nos
1220 1838 1276 1882 ad
1293 1837 1503 1897 capienda
1522 1839 1660 1898 spatia

262 1909 461 1955 locorum
484 1909 661 1955 diffusio
684 1909 908 1954 radiorum
927 1911 1069 1970 juvat,
1094 1910 1171 1970 qui
1196 1925 1219 1953 e
1256 1909 1462 1954 brevibus
1483 1908 1658 1973 pupulis

262 1985 309 2025 in
331 1990 479 2041 aperta
497 1981 708 2036 emicant,
734 1990 777 2025 et
794 1980 902 2026 adeo
925 1989 1028 2025 sunt
1043 1981 1177 2025 nostri
1201 1980 1413 2041 corporis,
1440 1989 1491 2025 ut
1514 1997 1659 2042 quan-

262 2067 395 2114 quam
411 2053 457 2097 in
473 2051 628 2112 procul
646 2052 795 2112 positis
814 2051 944 2096 rebus
961 2068 1069 2113 quas
1080 2052 1294 2108 videmus⁷
1313 2069 1337 2097 a
1354 2061 1502 2097 nostra
1514 2052 1659 2097 anima

261 2133 547 2184 vegetentur3
577 2133 628 2168 ut
651 2139 754 2183 ergo
783 2139 935 2168 eorum
963 2123 1178 2168 effusione
1207 2122 1467 2184 adjuvamur
1501 2122 1557 2167 ad
1585 2138 1659 2168 ca-

262 2194 425 2257 pienda
447 2195 582 2255 spatia
605 2194 804 2240 locorum
831 2214 839 2240 :
867 2195 927 2239 ita
949 2195 1182 2250 memoria,
1210 2193 1333 2254 quod
1366 2194 1490 2255 quasi
1507 2193 1658 2239 lumen

264 2277 328 2313 est
346 2265 655 2328 temporalium
676 2266 933 2327 spatiorum,
960 2275 1176 2327 quantum
1198 2265 1244 2310 in
1267 2281 1347 2310 suo
1363 2281 1521 2325 genere
1542 2282 1657 2327 quo-

263 2339 365 2384 dam
392 2339 524 2384 modo
548 2337 718 2383 extrudi
740 2346 899 2397 potest,
930 2346 1101 2382 tantum
1132 2335 1386 2381 eorumdem
1416 2337 1655 2397 spatiorum

263 2410 395 2471 capit.
417 2413 529 2456 Cum
543 2420 687 2455 autem
705 2410 866 2454 diutius
882 2425 1005 2454 aures
1020 2408 1166 2469 pulsat
1183 2424 1314 2453 sonus
1329 2409 1460 2453 nullis
1474 2409 1656 2454 distinc-

263 2492 333 2527 tus
350 2481 558 2536 articulis,
578 2491 621 2525 et
639 2481 693 2525 ab
712 2480 860 2541 aliquo
877 2479 1056 2525 tandem
1070 2481 1156 2524 fine
1171 2482 1265 2541 conj
1273 2490 1432 2525 unctus
1449 2480 1556 2525 alter
1572 2479 1655 2524 du-

261 2552 352 2613 plo,
377 2563 452 2598 ant
474 2552 605 2596 ctiam
628 2561 749 2597 tanto
769 2550 913 2596 editur
935 2551 1073 2611 spatio
1096 2551 1336 2597 attentione
1352 2552 1395 2596 in
1413 2550 1653 2596 succeden-
