1883 3194
550 199 715 227 CONTRA
749 197 1011 226 AcADEMtcos
1045 197 1166 227 Limia
1200 199 1265 226 111.
1553 187 1609 227 69

209 340 350 359 mmm!
355 341 493 358 ννἉνὶἃὶ
499 340 636 358 vwnwn
643 340 852 359 ὶὶΜῐἉΜ-Μὶ
857 340 995 357 §mmm
1000 340 1068 358 ww}
1072 340 1139 359 WVS
1144 340 1211 357 254st
1215 339 1282 358 §W
1286 339 1354 357 xm!
1358 340 1425 358 ΜΝ
1430 341 1497 359 m
1501 340 1612 360 MUW

749 475 969 527 CAPUT
1008 476 1107 551 ΠΙ.

211 621 461 686 Dffl'eivcnt
489 616 687 686 sapiens
707 633 755 670 et
779 621 1035 670 studiosus.
1059 623 1348 685 Sapientem
1370 637 1469 670 non
1498 620 1624 670 nihil

426 696 575 754 scire,
610 695 727 755 quia
758 695 932 743 saltem
962 696 1052 742 seit
1081 695 1393 759 sapientiam,

271 836 326 880 V.
361 836 485 881 VoLo
499 871 511 893 ,
540 835 747 898 inquam,
770 836 881 882 mihi
915 835 1150 899 paululum
1192 835 1358 898 aperias
1392 833 1503 898 quid
1541 833 1623 880 tihi

211 905 326 951 inter
346 907 590 968 sapientem
607 917 649 953 et
661 907 977 970 philosophum
998 909 1159 955 distare
1181 908 1412 955 videatur?
1435 907 1624 968 Sapien-

211 987 302 1024 tem
326 995 350 1024 a
376 979 573 1026 studioso
587 1016 598 1037 ,
624 982 685 1026 ait
699 1017 710 1038 ,
737 980 860 1027 nulla
882 997 928 1027 re
951 981 1131 1027 differre
1153 980 1341 1027 arbitror
1357 1017 1368 1039 ,
1395 980 1476 1026 nisi
1497 976 1624 1042 quod

212 1068 405 1113 quarum
427 1069 575 1098 rerum
597 1053 645 1098 in
671 1055 867 1115 sapiente
900 1054 1084 1117 quidam
1106 1054 1285 1100 habitus
1306 1054 1419 1099 inest
1433 1090 1445 1111 ,
1471 1068 1624 1099 earum

212 1133 279 1170 est
299 1124 346 1169 in
365 1124 561 1171 studioso
583 1125 674 1171 sola
696 1126 944 1186 flagrantia.
971 1129 1081 1181 Quae
1094 1135 1198 1172 sunt
1211 1125 1392 1171 tandem
1413 1126 1507 1171 istae
1530 1140 1624 1182 reS‚

209 1195 421 1258 inquam?
432 1199 546 1245 Nam
560 1199 670 1243 mihi
691 1197 804 1243 nihil
819 1197 941 1244 aliud
952 1197 1130 1244 videtur
1142 1198 1351 1243 interesse
1367 1233 1378 1255 ,
1396 1197 1479 1243 nisi
1502 1194 1627 1260 quod

209 1267 320 1314 alter
341 1269 422 1314 scit
455 1270 737 1330 sapientiam,
765 1269 875 1315 alter
907 1269 1016 1315 scire
1039 1269 1273 1315 desiderat.
1303 1270 1346 1316 Si
1369 1269 1627 1327 scientiam,

208 1339 354 1401 inquit
369 1376 382 1397 ‚
402 1340 602 1387 modesto
626 1341 715 1386 fine
739 1339 1032 1398 determinas,
1059 1341 1199 1403 ipsam
1222 1356 1315 1387 rem
1332 1339 1508 1403 planius
1531 1340 1628 1387 elo-

209 1421 339 1458 cutus
359 1427 420 1458 es.
449 1415 643 1475 Quoquo
665 1412 823 1470 modo,
839 1413 1049 1475 inquam,
1065 1428 1164 1459 eam
1186 1412 1495 1471 determinem,
1514 1412 1629 1459 illud

209 1484 416 1531 omnibus
430 1484 613 1547 placuit,
628 1485 856 1531 scientiam
868 1485 1082 1532 falsarum
1103 1501 1254 1532 rerum
1276 1485 1365 1532 esse
1376 1502 1467 1533 non
1480 1501 1628 1548 posse0

209 1559 263 1605 In
284 1558 370 1603 hoc
388 1558 522 1616 mihi,
542 1559 689 1621 inquit
712 1558 810 1617 ille,
828 1559 937 1615 visa,
959 1557 1047 1605 fuit
1064 1558 1314 1622 objicienda
1331 1559 1624 1621 praescriptio,

208 1644 265 1675 ne
277 1630 601 1677 inconsiderata
614 1633 902 1677 consensione
919 1648 1017 1677 mea
1030 1630 1158 1678 facile
1173 1633 1220 1677 in
1232 1632 1490 1694 principalis
1506 1631 1627 1679 illius

209 1704 465 1764 quaestionis
487 1705 651 1765 campis
686 1714 764 1750 tua
787 1705 1007 1766 equitaret
1029 1704 1183 1751 oratio.
1211 1704 1348 1750 Plane
1365 1740 1378 1762 ,
1408 1705 1594 1767 inquam
1609 1739 1623 1764 ,

207 1774 316 1818 mihi
338 1774 448 1819 nihil
469 1775 550 1819 ubi
576 1776 774 1836 equitare
791 1791 966 1836 possem
984 1775 1214 1838 reliquisti.
1229 1779 1342 1823 Nam
1365 1776 1449 1822 nisi
1471 1774 1620 1834 fallor,

209 1844 332 1906 'quod
361 1845 633 1906 jamdudum
652 1845 812 1891 molior
834 1847 890 1891 ad
923 1847 1068 1907 ipsum
1096 1849 1233 1893 finem
1252 1849 1552 1909 pervenimus.
1582 1849 1626 1896 Si

209 1916 328 1961 enim
345 1952 357 1972 ,
379 1926 431 1962 ut
451 1916 674 1963 subtiliter
694 1933 888 1980 vereque
905 1917 1072 1975 dixisti,
1098 1919 1208 1965 nihil
1247 1920 1363 1965 inter
1395 1921 1627 1982 sapientiae

209 1987 459 2034 studiosum
480 1997 524 2033 et
542 1989 784 2049 sapientem
807 1990 1010 2046 interest,
1037 1991 1119 2036 nisi
1145 1991 1269 2053 quod
1290 1992 1371 2038 iste
1388 1993 1526 2049 amat,
1552 1992 1628 2038 ifle

209 2070 372 2108 autem:
391 2061 527 2106 habet
561 2062 790 2122 sapientiae
813 2061 1117 2123 disciplinam,
1142 2063 1265 2108 unde
1294 2064 1427 2109 etiam
1460 2080 1627 2110 nomen

208 2133 378 2193 ipsum,
398 2132 446 2178 id
467 2142 556 2189 est,
575 2133 781 2178 habitum
800 2133 1039 2195 quemdam
1061 2135 1309 2196 exprimere
1329 2152 1422 2187 non
1444 2146 1626 2182 cuncta-

210 2213 281 2250 tus
303 2221 372 2250 es:
397 2220 529 2250 nemo
551 2214 700 2250 autem
720 2205 885 2250 habere
921 2205 1199 2267 disciplinam
1218 2216 1366 2268 potest
1398 2208 1446 2253 in
1479 2209 1628 2254 animo

211 2277 289 2338 qui
310 2276 423 2322 nihil
459 2276 639 2333 didicit,
666 2276 775 2322 nihil
803 2283 953 2322 autem
975 2277 1131 2323 didicit
1165 2278 1242 2339 qui
1264 2279 1377 2324 nihil
1404 2280 1554 2338 novit,
1581 2289 1625 2326 et

213 2363 340 2392 nosse
359 2347 522 2394 falsum
542 2363 674 2394 nemo
695 2357 868 2409 potest,
888 2349 1013 2395 novit
1033 2349 1168 2409 igitur
1185 2350 1355 2412 sapiens
1376 2352 1624 2409 veritatem,

212 2434 348 2480 quem
370 2419 646 2481 disciplinam
668 2421 895 2481 sapientiae
916 2421 1079 2466 hahere
1100 2423 1149 2467 in
1170 2422 1320 2468 animo
1336 2459 1347 2480 ,
1371 2423 1418 2468 id
1440 2433 1505 2469 est
1520 2460 1531 2481 ,
1552 2424 1626 2469 ha-

213 2492 361 2537 bitum
378 2492 471 2552 jam
490 2492 583 2554 ipse
604 2492 828 2539 confessus
857 2509 916 2538 es.
933 2494 1111 2551 Nescio,
1131 2494 1307 2557 inquit,
1334 2497 1458 2557 cujus
1480 2496 1628 2557 impu-

215 2562 381 2610 dentiae
409 2564 491 2610 sim
506 2600 516 2619 ,
544 2566 575 2611 si
597 2565 803 2611 habitum
827 2565 1123 2627 inquisitionis
1143 2565 1395 2613 divinarum
1408 2568 1630 2614 humana-
