1888 3168
689 183 744 210 DE
777 180 935 212 MtssIcA
968 183 1050 210 Lm.
1087 184 1118 209 1.
1521 169 1607 208 339

203 247 342 308 igitur
357 248 500 310 pretio
517 257 671 295 cantus
687 265 786 295 suos
802 248 1045 295 venderent
1060 247 1293 293 histriones
1308 283 1319 304 ‚
1337 247 1373 291 si
1395 246 1610 291 musicam

203 321 398 368 scirent?
420 326 472 368 D.
497 325 596 369 Non
618 338 775 383 parum
797 321 979 385 quidem
1000 321 1084 367 hac
1103 320 1385 366 conclusione
1407 335 1609 365 commo-

204 407 333 450 veor,
364 393 442 439 sed
466 393 672 440 nonnihil
705 395 849 440 habeo
883 393 1007 455 quod
1039 391 1353 439 contradicam.
1385 394 1498 437 Nam
1536 389 1611 434 illc

202 465 410 511 venditor
430 464 558 511 solidi
580 481 683 511 cum
704 466 786 511 isto
814 465 1135 527 comparandus
1162 480 1253 510 non
1273 463 1449 509 videtur
1467 481 1476 507 :
1516 478 1610 506 non

203 536 321 582 enim
337 547 517 598 accepto
551 536 709 599 plausu
748 547 824 583 aut
855 537 1055 600 qualibet
1090 536 1173 582 sibi
1220 535 1376 595 largita
1412 533 1609 595 pecunia

202 608 453 665 scientiam,
479 609 513 654 si
535 626 670 671 quam
698 608 810 655 forte
832 609 967 655 habet
994 625 1083 671 qua
1104 607 1322 670 populum
1344 604 1606 661 delectavit,

203 680 365 726 amittit
385 701 395 727 ε
421 681 499 727 sed
520 683 719 728 onustior
736 699 921 729 nummo
935 719 945 739 ‚
971 692 1017 727 et
1038 681 1170 727 laude
1191 681 1424 727 hominum
1446 678 1605 734 laetior,

201 767 303 796 cum
325 753 479 798 eadem
496 753 727 815 disciplina
740 754 950 800 incolumi
973 764 1106 816 atque
1122 754 1294 814 integra
1312 752 1499 798 domum
1523 749 1610 795 dis-

201 825 318 870 cedit
340 845 349 870 :
370 825 530 872 stultus
549 837 697 872 autem
714 837 850 884 esset,
877 828 911 873 si
929 827 1163 873 commoda
1183 825 1257 871 illa
1281 833 1605 879 contemneret,

200 913 300 958 quae
324 914 416 943 non
429 899 614 960 adeptus
636 899 779 944 multo
802 909 913 944 esset
934 898 1172 960 ignobilior
1190 908 1322 960 atquc
1346 896 1604 960 pauperior,

200 968 385 1031 adeptus
409 981 558 1016 autem
581 971 720 1016 nihilo
744 981 854 1017 esset
875 972 1108 1017 indoctior.

258 1043 362 1086 XII.
374 1045 436 1088 M.
450 1043 561 1087 Vide
577 1059 681 1104 ergo
696 1053 847 1088 utrum
864 1043 935 1089 vel
950 1044 1034 1089 isto
1046 1044 1327 1089 conficiamus
1341 1041 1465 1104 quod
1477 1039 1608 1086 volu-

198 1129 311 1158 mus.
329 1116 440 1160 Nam
453 1115 585 1160 credo
598 1116 738 1160 videri
758 1117 838 1161 tihi
852 1115 994 1161 multo
1008 1132 1097 1160 esse
1106 1115 1385 1177 praestantius
1398 1151 1414 1171 ,
1425 1113 1470 1158 id
1479 1112 1611 1174 prod-

198 1194 266 1230 ter
280 1186 403 1248 quod
435 1187 603 1249 aliquid
634 1187 844 1245 facimus,
884 1205 1019 1250 quam
1048 1188 1241 1249 idipsum
1268 1186 1390 1250 quod
1403 1186 1605 1231 facimus.

198 1260 250 1302 D.
278 1257 562 1305 Manifestum
580 1269 658 1305 est.
679 1263 739 1306 M.
764 1260 851 1314 Qui
875 1275 977 1320 ergo
995 1270 1144 1306 cantat
1166 1276 1238 1305 vel
1260 1270 1436 1305 cantare
1459 1260 1610 1320 discit,

197 1345 289 1375 non
312 1331 370 1375 ob
392 1330 514 1377 aliud
533 1332 615 1376 nisi
637 1342 688 1377 ut
714 1331 922 1377 laudetur
944 1349 967 1376 a
989 1332 1159 1393 populo
1174 1368 1184 1388 7
1215 1331 1288 1378 vel
1319 1332 1502 1377 omnino
1530 1334 1608 1378 abs

196 1402 352 1463 quovis
380 1402 587 1458 homine,
626 1418 776 1447 nonne
805 1402 978 1464 judicat
1012 1401 1241 1448 meliorem
1274 1402 1453 1448 laudem
1487 1403 1609 1449 illam

196 1489 286 1520 esse
299 1491 436 1536 quam
457 1477 671 1520 cantum?
694 1479 748 1521 D.
766 1478 936 1536 Negare
958 1492 1049 1522 non
1066 1492 1264 1537 possum.
1285 1478 1346 1521 M.
1365 1477 1484 1531 Quid
1500 1513 1511 1533 ,
1533 1476 1609 1522 illc

195 1547 273 1609 qui
298 1546 414 1593 male
442 1547 498 1592 de
543 1546 692 1609 aliqua
719 1563 766 1593 re
785 1547 980 1610 judicat,
1013 1547 1191 1594 videtur
1220 1549 1302 1594 tibi
1335 1564 1433 1594 eam
1469 1550 1610 1595 scire?

195 1621 248 1664 D.
292 1617 427 1666 Nullo
476 1619 635 1676 modo,
676 1619 759 1664 nisi
791 1618 905 1666 forte
940 1636 1125 1682 quoquo
1169 1620 1307 1666 modo
1350 1631 1602 1683 corruptus.

194 1695 257 1738 M.
288 1692 408 1752 Ergo
434 1692 635 1754 quivere
671 1702 800 1753 putat
820 1692 978 1739 melius
1004 1709 1094 1738 esse
1123 1693 1293 1756 aliquid
1325 1693 1450 1756 quod
1483 1693 1609 1741 dete-

194 1763 284 1809 rius
309 1773 395 1821 est,
422 1763 547 1809 nullo
572 1763 805 1810 dubitante
835 1764 1016 1811 scientia
1050 1766 1143 1827 ejus
1167 1776 1301 1811 caret.
1341 1769 1394 1811 D.
1430 1769 1498 1812 Ita
1522 1777 1601 1813 cst.

193 1838 256 1882 M.
268 1835 458 1891 Quando
472 1834 609 1897 igitur
622 1836 731 1881 mihi
743 1837 813 1883 vel
825 1837 1087 1898 persuaseris
1102 1837 1173 1884 vel
1189 1837 1430 1884 ostenderis
1445 1856 1606 1902 quem-

193 1907 304 1955 libet
334 1907 601 1955 histrionum
630 1925 722 1955 non
742 1908 843 1955 idco
867 1908 988 1955 illam
1003 1947 1013 1967 ‚
1040 1910 1075 1956 si
1096 1927 1231 1973 quam
1252 1910 1391 1956 habet
1414 1911 1605 1958 faculta-

193 1990 310 2038 tem,
330 1979 401 2027 vel
413 1991 661 2028 assecutum
676 1998 766 2028 esse
798 1981 871 2028 vel
899 1983 1105 2028 exhibere
1136 1992 1188 2029 ut
1220 1982 1388 2045 populo
1431 1983 1605 2046 placeat

193 2062 376 2116 propter
385 2064 606 2116 quaestum
622 2064 698 2100 aut
714 2053 878 2100 famam
894 2092 904 2112 ‚
923 2055 1164 2101 concedam
1187 2071 1313 2116 posse
1331 2072 1605 2119 quemquam

194 2135 239 2171 et
253 2126 433 2172 musicae
455 2127 619 2172 habere
635 2126 863 2172 scientiam
882 2163 892 2184 ,
918 2137 963 2173 et
977 2143 1067 2172 esse
1087 2128 1366 2173 histrionem.
1393 2129 1436 2175 Si
1453 2139 1603 2174 autem

193 2198 503 2260 perprobabile
524 2208 589 2245 est
610 2198 837 2244 neminem
852 2215 942 2244 esse
971 2199 1238 2245 histrionum
1268 2200 1346 2262 qui
1378 2217 1471 2247 non
1518 2201 1602 2248 sibi

193 2269 474 2332 professionis
491 2269 627 2317 finem
646 2271 693 2316 in
714 2271 903 2332 pecunia
920 2287 997 2317 seu
1018 2271 1153 2331 gloria
1176 2272 1416 2319 constituat
1434 2290 1482 2319 ac
1498 2290 1603 2336 pro-

193 2352 331 2404 ponat
346 2379 357 2399 ,
383 2339 546 2388 fateare
563 2359 737 2389 necesse
760 2352 824 2388 est
846 2352 923 2389 aut
933 2343 1146 2389 musicam
1167 2345 1328 2389 nescire
1340 2345 1596 2404 histriones,

195 2424 272 2460 aut
300 2413 438 2475 magis
459 2412 746 2475 expetendam
778 2430 868 2473 esse
895 2414 950 2460 ab
975 2414 1067 2461 aliis
1089 2415 1269 2461 laudem
1284 2453 1294 2473 ,
1317 2415 1388 2463 vel
1410 2434 1601 2480 quaeque

195 2486 279 2532 alia
299 2485 480 2533 fortuita
503 2486 758 2544 commoda,
794 2502 929 2548 quam
952 2504 976 2532 a
1002 2487 1326 2550 nobismetipsis
1345 2489 1599 2551 intelligen-

195 2559 316 2605 tiam.
336 2562 389 2604 D.
408 2557 549 2604 Video
563 2573 657 2615 me,
682 2559 758 2620 qui
781 2559 1004 2620 superiora
1028 2561 1316 2606 concesserim
1331 2597 1342 2616 ‚
1363 2561 1495 2606 etiam
1508 2563 1598 2608 istis
