1888 3168
674 149 730 176 DE
762 147 918 176 MUSICA
951 150 1034 177 Lm.
1071 150 1119 176 11.
1512 138 1592 176 371

696 413 914 463 CAPUT
953 414 1098 461 VIM.

585 562 751 609 Varia
764 561 945 624 pedam
962 563 1178 608 nomina.

256 699 352 741 XV.
379 698 611 743 VmEAMus
636 714 740 758 ergo
768 700 844 760 qui
865 698 1002 760 pedes
1026 699 1202 743 sibimet
1224 696 1464 758 copulandi
1485 697 1594 753 sint,

194 767 354 812 deinde
371 768 481 829 quid
500 769 566 813 his
587 769 802 829 copulatis
826 771 924 828 fiat,
947 786 1038 815 non
1067 769 1184 814 enim
1205 785 1357 814 versus
1383 769 1433 814 fit
1451 768 1592 814 solus:

193 849 414 901 postremo
447 840 503 884 de
531 857 681 886 versus
716 851 808 887 tota
842 842 1011 887 ratione
1045 841 1347 887 tractabimus,
1377 840 1462 886 Sed
1488 856 1597 885 num

195 928 343 957 censes
370 911 601 957 commode
624 913 704 958 ista
726 930 804 958 nos
826 930 950 974 posse
973 913 1193 975 persequi,
1216 914 1299 958 nisi
1323 912 1491 975 pedum
1511 929 1596 957 no·-

194 983 313 1027 mina
342 985 596 1028 teneamus?
625 988 888 1046 Quanquam
926 986 1009 1030 1100
1040 984 1194 1029 ordine
1230 1002 1254 1029 a
1281 985 1408 1030 nobis
1441 984 1598 1044 digesti

193 1055 294 1105 sint,
326 1064 378 1100 ut
398 1056 564 1116 possint
590 1055 724 1116 ipsius
755 1057 821 1101 sui
843 1055 1007 1101 ordinis
1029 1056 1284 1105 nominibus
1317 1056 1591 1116 nuncupari:

193 1125 277 1170 dici
312 1127 429 1171 enim
455 1136 621 1187 potest,
653 1128 842 1188 primus,
879 1126 1113 1184 socundus,
1130 1129 1306 1184 tertius,
1343 1137 1476 1190 atque
1508 1129 1594 1172 1100

191 1196 326 1242 modo
356 1198 517 1242 caeteri.
547 1197 633 1243 Sed
664 1199 769 1260 quia
801 1215 893 1244 non
925 1208 1029 1243 sunt
1065 1199 1391 1244 contemnenda
1425 1208 1597 1244 vetusta

192 1269 428 1326 vocabula,
464 1286 545 1315 nee
577 1270 705 1316 facile
738 1287 763 1315 a
794 1270 1115 1316 consuetudine
1157 1269 1480 1327 recedendum,
1514 1271 1595 1316 nisi

191 1359 292 1403 quae
314 1342 473 1388 rationi
501 1342 777 1399 adversatur,
808 1343 1027 1387 utendum
1049 1351 1114 1386 est
1135 1342 1202 1386 his
1223 1343 1479 1387 nominibus
1512 1360 1593 1404 pe-

190 1411 296 1457 dum
321 1430 421 1472 quae
452 1414 593 1455 Graeei
622 1414 931 1468 instituerunt,
950 1420 994 1456 et
1021 1412 1160 1456 nostri
1184 1414 1278 1473 jam
1300 1422 1490 1458 utuntur
1510 1431 1592 1475 pro

188 1481 358 1528 latinis:
383 1498 484 1543 quae
505 1480 636 1542 plane
653 1483 715 1527 ita
736 1498 1022 1543 usurpemus,
1049 1492 1100 1528 ut
1120 1499 1213 1528 non
1233 1500 1485 1546 quaeramus
1505 1487 1594 1531 011-

191 1553 312 1614 gines
345 1553 592 1599 nominum.
627 1554 823 1599 Multum
854 1555 973 1599 enim
1004 1555 1141 1600 habet
1173 1555 1254 1602 ista
1287 1573 1354 1603 res
1386 1557 1589 1620 loquaci-

189 1627 306 1682 tatis,
331 1624 532 1671 utilitatis
552 1640 725 1686 parum.
757 1628 911 1687 Neque
943 1627 1061 1671 enim
1094 1642 1146 1672 eo
1178 1630 1325 1673 minus
1356 1629 1524 1675 utiliter
1545 1632 1592 1676 in

189 1697 414 1759 loquendo
444 1696 636 1759 appellas
656 1713 831 1759 panem,
856 1697 1043 1757 lignum,
1068 1697 1279 1759 lapidem,
1306 1700 1430 1762 quod
1451 1703 1592 1748 nescis

190 1786 270 1815 0111
289 1771 384 1815 haee
405 1770 466 1815 ita
485 1769 572 1814 sint
593 1768 826 1830 appellata.
854 1773 907 1815 D.
937 1773 1004 1815 Ita
1027 1786 1206 1831 prorsus
1228 1781 1280 1816 ut
1304 1770 1410 1818 dieis
1431 1775 1587 1820 sentio.

188 1844 251 1889 M.
282 1841 454 1887 Primus
475 1857 552 1902 pes
568 1850 752 1886 vocatur
773 1842 1075 1900 Pyrrhichius,
1098 1858 1150 1888 ex
1171 1842 1344 1890 duabus
1366 1845 1587 1904 brevibus,

248 1924 501 1976 temporum
522 1913 679 1971 duum,
704 1923 754 1959 01
761 1913 918 1978 ficga.
1370 1933 1373 1937 ⁴

190 1987 441 2040 Secundus,
467 1988 668 2042 Iambus,
693 2002 745 2031 ex
776 1986 900 2031 brevi
926 1996 971 2032 et
990 1985 1147 2046 longa,
1171 1997 1225 2033 ut
1242 2004 1448 2048 parens,
1475 2000 1591 2036 tem-

247 2073 407 2119 porum
428 2066 578 2101 mum.

190 2130 377 2186 Tertius,
413 2129 670 2184 Troehaeus,
703 2128 774 2173 vel
805 2129 1009 2186 Chorius,
1042 2146 1095 2175 ex
1124 2130 1258 2192 longa
1294 2142 1338 2178 et
1368 2133 1514 2192 brevi,
1542 2145 1594 2181 ut

250 2213 397 2260 meta,
417 2212 670 2262 'temporum
692 2201 842 2246 trium.

190 2279 398 2332 Quartus,
428 2274 674 2336 Spondeus,
700 2290 752 2318 ex
774 2273 947 2320 duabus
968 2275 1134 2335 longis,
1155 2286 1205 2322 ut
1226 2286 1395 2336 aestas,
1418 2289 1592 2342 tempo-

252 2363 350 2391 rum
372 2355 577 2407 quatuor.

191 2421 400 2474 Quintus,
420 2410 678 2475 Tribaehus,
700 2434 751 2463 ex
773 2418 915 2463 tribus
934 2418 1157 2478 brevibus,
1180 2431 1230 2466 ut
1249 2423 1463 2481 macula,
1484 2435 1594 2470 tem-

253 2507 413 2552 porum
437 2490 585 2536 trium.

1335 2568 1360 2607 2
1365 2567 1385 2607 .'1.
1392 2599 1401 2608 .
