1852 3163
619 203 741 231 LlBEn
773 202 827 230 DE
860 196 995 229 ΒΕΑΤΑ
1029 200 1145 229 νιΤΑ.
1491 188 1574 227 139

184 271 311 316 tionis
327 307 336 327 ‚
354 280 397 315 et
409 269 506 315 ideo
519 268 630 314 nihil
643 267 842 329 egestatis
857 303 867 323 ,
888 266 999 311 nihil
1013 267 1144 325 igitur
1157 266 1339 310 miseriae
1354 266 1577 326 pertimes-

172 343 257 407 {cit.
282 342 426 387 Habet
442 357 546 402 ergo
568 340 751 386 modum
761 355 913 396 suum,
933 337 980 384 id
992 346 1071 393 est,
1093 337 1364 398 sapientiam,
1381 337 1576 399 quisquis

170 414 339 463 gbeatus
359 422 437 458 est.

584 630 846 694 Sapientia
877 638 949 677 est
976 630 1176 677 veritas.

245 773 456 818 XXXIV.
491 773 598 825 QUAE
621 780 686 816 est
718 779 865 815 autem
892 768 1079 815 dicenda
1115 767 1348 829 sapientia,
1381 767 1464 812 nisi
1481 783 1582 830 quae

185 844 264 891 Dei
285 843 503 905 Sapientia
525 844 618 887 est?
636 842 896 903 Accepimus
919 850 1064 886 autem
1086 840 1217 885 etiam
1234 839 1492 885 auctoritate
1513 838 1584 883 di-

184 917 285 963 vina
297 953 308 973 ,
328 916 408 961 Dei
425 915 588 960 Filium
612 914 725 960 nihil
741 930 832 960 esse
855 914 977 959 aliud
990 929 1123 975 quam
1137 912 1215 958 Dei
1235 912 1523 973 Sapientiam:
1541 921 1585 957 et

185 998 250 1034 est
281 988 360 1033 Dei
381 986 516 1032 Filius
537 985 738 1048 profecto
761 989 892 1032 Deus.
914 989 1055 1031 Deum
1076 984 1212 1029 habet
1233 985 1367 1045 igitur
1388 983 1585 1046 quisquis

185 1061 339 1105 beatus
364 1068 453 1104 est:
480 1057 602 1120 quod
630 1057 836 1103 omnibus
858 1057 986 1102 nobis
1006 1058 1098 1118 jam
1126 1065 1227 1101 ante
1258 1056 1450 1117 placuit,
1483 1071 1585 1101 cum

184 1133 270 1178 hoc
290 1131 540 1177 convivium
562 1130 742 1190 ingressi
763 1146 927 1175 sumus,
964 1128 1048 1174 Sed
1070 1129 1179 1190 quid
1209 1130 1372 1188 putatis
1404 1143 1493 1172 esse
1515 1144 1586 1173 sa-

183 1204 421 1267 pientiam,
456 1203 540 1248 nisi
575 1203 833 1248 veritatem?
865 1201 1011 1247 Etiam
1036 1201 1122 1247 hoc
1150 1202 1267 1248 enim
1296 1200 1467 1246 dictum
1497 1209 1583 1246 est:

189 1296 212 1321 «
244 1279 340 1336 Ego
357 1291 453 1321 sum
463 1275 674 1331 Veritas1,
688 1292 709 1316 ³>
727 1274 895 1319 Veritas
914 1283 1061 1319 autem
1074 1283 1125 1318 ut
1143 1274 1198 1318 sit
1210 1310 1221 1330 ,
1237 1274 1287 1318 fit
1303 1288 1381 1334 per
1396 1271 1588 1334 aliquem

185 1364 408 1395 summum
428 1347 634 1403 modum,
655 1362 679 1391 a
701 1361 791 1408 quo
813 1344 1014 1406 procedit
1028 1381 1039 1401 ,
1054 1354 1097 1389 et
1119 1345 1166 1389 in
1182 1360 1315 1407 quem
1333 1360 1377 1389 se
1393 1341 1588 1406 perfecta

183 1419 414 1467 convertit.
444 1419 531 1479 Ipsi
555 1427 703 1463 autem
723 1432 894 1462 summo
925 1415 1059 1462 modo
1097 1415 1248 1461 nullus
1284 1415 1396 1461 alius
1430 1416 1589 1461 modus

184 1491 451 1553 imponitur:
475 1489 517 1536 Si
530 1488 647 1534 enim
665 1504 862 1534 summus
883 1488 1041 1534 modus
1062 1504 1142 1550 per
1161 1504 1385 1534 summum
1405 1488 1588 1534 modum

185 1563 346 1609 modus
368 1572 457 1619 est,
483 1577 563 1623 per
588 1576 634 1606 se
655 1560 802 1622 ipsum
829 1560 988 1606 modus
1009 1571 1090 1606 est.
1119 1561 1203 1607 Sed
1227 1561 1359 1606 etiam
1391 1575 1589 1605 summus

187 1635 344 1680 modus
382 1648 559 1678 necesse
590 1641 654 1677 est
684 1641 734 1676 ut
754 1647 884 1677 verus
905 1631 1063 1677 modus
1086 1633 1154 1677 sit.
1183 1635 1240 1677 Ut
1276 1633 1412 1693 igitur
1431 1632 1589 1677 veritas

187 1705 321 1752 modo
360 1705 572 1766 gignitur,
597 1704 660 1749 ita
689 1703 848 1750 modus
885 1704 1066 1750 veritate
1099 1705 1391 1765 cognoscitur.
1436 1707 1589 1766 Neque

187 1778 320 1837 igitur
335 1776 493 1822 veritas
530 1775 623 1820 sine
644 1775 798 1833 modo,
825 1792 969 1838 neque
997 1775 1155 1821 modus
1188 1777 1281 1822 sine
1297 1776 1479 1821 veritate
1500 1792 1589 1820 un-

188 1865 322 1912 quam
344 1847 443 1893 fuit.
464 1847 569 1904 Quis
592 1857 655 1893 est
677 1848 756 1894 Dei
779 1848 949 1894 Filius?
971 1848 1140 1894 dictum
1158 1859 1245 1905 est,
1271 1849 1455 1893 Veritas.
1483 1848 1588 1903 Quis

189 1921 346 1983 estqui
363 1937 454 1966 non
480 1920 615 1965 habet
634 1930 826 1982 patrem,
846 1921 943 1983 quis
967 1920 1076 1966 alius
1097 1937 1228 1983 quam
1264 1936 1460 1966 summus
1489 1936 1588 1965 mo-

188 1994 270 2039 dus
291 1996 309 2039 P
337 1993 543 2056 Quisquis
564 1993 698 2054 igitur
721 1993 776 2039 ad
799 2010 1021 2040 summum
1049 1993 1232 2039 modum
1261 2009 1340 2055 per
1358 1993 1588 2038 veritatem

189 2065 377 2121 venerit,
404 2066 558 2110 beatus
582 2075 660 2110 est.
684 2069 778 2111 Hoc
811 2076 873 2111 est
897 2066 1041 2111 animo
1061 2069 1201 2111 Deum
1222 2065 1409 2120 habere,
1436 2065 1482 2109 id
1504 2073 1585 2120 est,

190 2139 281 2183 D‘eo
317 2136 419 2182 frui.
447 2139 617 2184 Caetera
650 2138 768 2183 enim
801 2139 997 2201 quamvis
1022 2155 1045 2184 a
1067 2142 1157 2184 Deo
1192 2138 1463 2194 habeantur,
1498 2151 1588 2181 non

191 2210 359 2255 habent
379 2212 535 2255 Deum.

242 2325 251 2342 ¹
279 2321 370 2364 Joan.
397 2329 466 2362 xlv,
484 2319 519 2352 6.
