<?xml version="1.0" encoding="UTF-8"?>
<!DOCTYPE html PUBLIC "-//W3C//DTD XHTML 1.0 Transitional//EN"
    "http://www.w3.org/TR/xhtml1/DTD/xhtml1-transitional.dtd">
<html xmlns="http://www.w3.org/1999/xhtml" xml:lang="en" lang="en">
 <head>
  <title>
</title>
<meta http-equiv="Content-Type" content="text/html;charset=utf-8" />
  <meta name='ocr-system' content='tesseract 3.04.00' />
  <meta name='ocr-capabilities' content='ocr_page ocr_carea ocr_par ocr_line ocrx_word'/>
</head>
<body>
  <div class='ocr_page' id='page_1' title='image "./operaomniaaccura01auguuoft_0088.png"; bbox 0 0 1883 3194; ppageno 0'>
   <div class='ocr_carea' id='block_1_1' title="bbox 309 209 1711 972">
    <p class='ocr_par' dir='ltr' id='par_1_1' title="bbox 313 209 1269 258">
     <span class='ocr_line' id='line_1_1' title="bbox 313 209 1269 258; baseline -0.002 -14"><span class='ocrx_word' id='word_1_1' title='bbox 313 209 365 244; x_wconf 76' lang='lat' dir='ltr'>7s</span> <span class='ocrx_word' id='word_1_2' title='bbox 748 215 785 258; x_wconf 75' lang='lat' dir='ltr'>¹s.</span> <span class='ocrx_word' id='word_1_3' title='bbox 823 216 1054 243; x_wconf 66' lang='lat' dir='ltr'>AUGUS&#39;MN1</span> <span class='ocrx_word' id='word_1_4' title='bbox 1087 216 1269 243; x_wconf 71' lang='lat' dir='ltr'>muscum</span> 
     </span>
    </p>

    <p class='ocr_par' dir='ltr' id='par_1_2' title="bbox 309 279 1711 972">
     <span class='ocr_line' id='line_1_2' title="bbox 309 279 1708 342; baseline 0.001 -16"><span class='ocrx_word' id='word_1_5' title='bbox 309 281 601 342; x_wconf 83' lang='lat' dir='ltr'>corporalium</span> <span class='ocrx_word' id='word_1_6' title='bbox 623 295 700 341; x_wconf 84' lang='lat' dir='ltr'>per</span> <span class='ocrx_word' id='word_1_7' title='bbox 717 279 820 326; x_wconf 86' lang='lat' dir='ltr'>istos</span> <span class='ocrx_word' id='word_1_8' title='bbox 838 279 1073 341; x_wconf 67' lang='lat' dir='ltr'>qtiibusad</span> <span class='ocrx_word' id='word_1_9' title='bbox 1087 280 1326 326; x_wconf 87' lang='lat' dir='ltr'>necessaria</span> <span class='ocrx_word' id='word_1_10' title='bbox 1343 281 1475 342; x_wconf 90' lang='lat' dir='ltr'>hujus</span> <span class='ocrx_word' id='word_1_11' title='bbox 1500 282 1603 328; x_wconf 82' lang='lat' dir='ltr'>vitae</span> <span class='ocrx_word' id='word_1_12' title='bbox 1620 283 1708 328; x_wconf 89' lang='lat' dir='ltr'>uti-</span> 
     </span>
     <span class='ocr_line' id='line_1_3' title="bbox 310 351 1708 414; baseline 0.001 -17"><span class='ocrx_word' id='word_1_13' title='bbox 310 369 410 397; x_wconf 87' lang='lat' dir='ltr'>mur</span> <span class='ocrx_word' id='word_1_14' title='bbox 435 368 584 396; x_wconf 84' lang='lat' dir='ltr'>sensus</span> <span class='ocrx_word' id='word_1_15' title='bbox 601 387 612 407; x_wconf 81' lang='lat'>,</span> <span class='ocrx_word' id='word_1_16' title='bbox 657 367 735 396; x_wconf 89' lang='lat' dir='ltr'>nos</span> <span class='ocrx_word' id='word_1_17' title='bbox 773 352 899 395; x_wconf 80' lang='lat' dir='ltr'>etiam</span> <span class='ocrx_word' id='word_1_18' title='bbox 945 364 1046 396; x_wconf 89' lang='lat' dir='ltr'>cum</span> <span class='ocrx_word' id='word_1_19' title='bbox 1080 351 1238 396; x_wconf 88' lang='lat' dir='ltr'>veritas</span> <span class='ocrx_word' id='word_1_20' title='bbox 1271 360 1469 408; x_wconf 84' lang='lat' dir='ltr'>tenetur,</span> <span class='ocrx_word' id='word_1_21' title='bbox 1501 361 1545 397; x_wconf 88' lang='lat' dir='ltr'>et</span> <span class='ocrx_word' id='word_1_22' title='bbox 1585 354 1708 414; x_wconf 86' lang='lat' dir='ltr'>quasi</span> 
     </span>
     <span class='ocr_line' id='line_1_4' title="bbox 309 421 1704 483; baseline 0.001 -15"><span class='ocrx_word' id='word_1_23' title='bbox 309 425 498 469; x_wconf 78' lang='lat' dir='ltr'>liabetur</span> <span class='ocrx_word' id='word_1_24' title='bbox 526 424 569 467; x_wconf 87' lang='lat' dir='ltr'>in</span> <span class='ocrx_word' id='word_1_25' title='bbox 591 424 814 478; x_wconf 80' lang='lat' dir='ltr'>manibus,</span> <span class='ocrx_word' id='word_1_26' title='bbox 840 421 1041 483; x_wconf 78' lang='lat' dir='ltr'>decipere</span> <span class='ocrx_word' id='word_1_27' title='bbox 1062 431 1195 483; x_wconf 87' lang='lat' dir='ltr'>atque</span> <span class='ocrx_word' id='word_1_28' title='bbox 1230 422 1417 468; x_wconf 85' lang='lat' dir='ltr'>illudere</span> <span class='ocrx_word' id='word_1_29' title='bbox 1444 423 1704 470; x_wconf 87' lang='lat' dir='ltr'>moliuntur.</span> 
     </span>
     <span class='ocr_line' id='line_1_5' title="bbox 311 485 1709 556; baseline 0.001 -16"><span class='ocrx_word' id='word_1_30' title='bbox 311 498 405 540; x_wconf 88' lang='lat' dir='ltr'>Hoc</span> <span class='ocrx_word' id='word_1_31' title='bbox 427 511 531 555; x_wconf 84' lang='lat' dir='ltr'>ergo</span> <span class='ocrx_word' id='word_1_32' title='bbox 554 494 732 539; x_wconf 88' lang='lat' dir='ltr'>tertium</span> <span class='ocrx_word' id='word_1_33' title='bbox 755 494 922 539; x_wconf 84' lang='lat' dir='ltr'>bonum</span> <span class='ocrx_word' id='word_1_34' title='bbox 941 494 1050 539; x_wconf 92' lang='lat' dir='ltr'>mihi</span> <span class='ocrx_word' id='word_1_35' title='bbox 1072 493 1246 551; x_wconf 80' lang='lat' dir='ltr'>accidit,</span> <span class='ocrx_word' id='word_1_36' title='bbox 1272 495 1393 556; x_wconf 89' lang='lat' dir='ltr'>quod</span> <span class='ocrx_word' id='word_1_37' title='bbox 1417 485 1509 541; x_wconf 88' lang='lat' dir='ltr'>non</span> <span class='ocrx_word' id='word_1_38' title='bbox 1531 496 1709 542; x_wconf 90' lang='lat' dir='ltr'>invenio</span> 
     </span>
     <span class='ocr_line' id='line_1_6' title="bbox 310 565 1709 629; baseline 0 -17"><span class='ocrx_word' id='word_1_39' title='bbox 310 567 465 629; x_wconf 88' lang='lat' dir='ltr'>quanti</span> <span class='ocrx_word' id='word_1_40' title='bbox 508 568 732 611; x_wconf 77' lang='lat' dir='ltr'>aestimem.</span> <span class='ocrx_word' id='word_1_41' title='bbox 766 569 943 612; x_wconf 87' lang='lat' dir='ltr'>Mecum</span> <span class='ocrx_word' id='word_1_42' title='bbox 982 566 1100 611; x_wconf 90' lang='lat' dir='ltr'>enim</span> <span class='ocrx_word' id='word_1_43' title='bbox 1144 565 1502 613; x_wconf 85' lang='lat' dir='ltr'>familiarissimus</span> <span class='ocrx_word' id='word_1_44' title='bbox 1544 567 1709 614; x_wconf 89' lang='lat' dir='ltr'>amicus</span> 
     </span>
     <span class='ocr_line' id='line_1_7' title="bbox 310 637 1710 698; baseline 0.001 -15"><span class='ocrx_word' id='word_1_45' title='bbox 310 654 448 694; x_wconf 82' lang='lat' dir='ltr'>meus,</span> <span class='ocrx_word' id='word_1_46' title='bbox 474 654 564 682; x_wconf 91' lang='lat' dir='ltr'>non</span> <span class='ocrx_word' id='word_1_47' title='bbox 594 637 736 683; x_wconf 89' lang='lat' dir='ltr'>solum</span> <span class='ocrx_word' id='word_1_48' title='bbox 753 637 809 682; x_wconf 89' lang='lat' dir='ltr'>de</span> <span class='ocrx_word' id='word_1_49' title='bbox 826 637 1135 698; x_wconf 80' lang='lat' dir='ltr'>probabilitate</span> <span class='ocrx_word' id='word_1_50' title='bbox 1157 638 1363 683; x_wconf 75' lang='lat' dir='ltr'>humanae</span> <span class='ocrx_word' id='word_1_51' title='bbox 1380 639 1507 695; x_wconf 85' lang='lat' dir='ltr'>vitae,</span> <span class='ocrx_word' id='word_1_52' title='bbox 1532 653 1710 685; x_wconf 85' lang='lat' dir='ltr'>verum-</span> 
     </span>
     <span class='ocr_line' id='line_1_8' title="bbox 311 707 1707 770; baseline 0.001 -17"><span class='ocrx_word' id='word_1_53' title='bbox 311 709 440 753; x_wconf 80' lang='lat' dir='ltr'>etiam</span> <span class='ocrx_word' id='word_1_54' title='bbox 459 708 514 753; x_wconf 93' lang='lat' dir='ltr'>de</span> <span class='ocrx_word' id='word_1_55' title='bbox 535 708 627 769; x_wconf 87' lang='lat' dir='ltr'>ipsa</span> <span class='ocrx_word' id='word_1_56' title='bbox 648 707 858 768; x_wconf 78' lang='lat' dir='ltr'>religione</span> <span class='ocrx_word' id='word_1_57' title='bbox 874 708 1127 765; x_wconf 80' lang='lat' dir='ltr'>concordat,</span> <span class='ocrx_word' id='word_1_58' title='bbox 1148 708 1270 770; x_wconf 85' lang='lat' dir='ltr'>quod</span> <span class='ocrx_word' id='word_1_59' title='bbox 1286 719 1330 754; x_wconf 89' lang='lat' dir='ltr'>et</span> <span class='ocrx_word' id='word_1_60' title='bbox 1350 710 1443 756; x_wconf 87' lang='lat' dir='ltr'>veri</span> <span class='ocrx_word' id='word_1_61' title='bbox 1464 709 1592 755; x_wconf 86' lang='lat' dir='ltr'>amici</span> <span class='ocrx_word' id='word_1_62' title='bbox 1610 726 1707 755; x_wconf 88' lang='lat' dir='ltr'>ma-</span> 
     </span>
     <span class='ocr_line' id='line_1_9' title="bbox 311 779 1710 843; baseline 0.001 -19"><span class='ocrx_word' id='word_1_63' title='bbox 311 779 638 825; x_wconf 87' lang='lat' dir='ltr'>nifestissimum</span> <span class='ocrx_word' id='word_1_64' title='bbox 681 780 907 825; x_wconf 88' lang='lat' dir='ltr'>indicium.</span> <span class='ocrx_word' id='word_1_65' title='bbox 966 780 1191 843; x_wconf 87' lang='lat' dir='ltr'>Siquidem</span> <span class='ocrx_word' id='word_1_66' title='bbox 1235 782 1422 827; x_wconf 89' lang='lat' dir='ltr'>amicitia</span> <span class='ocrx_word' id='word_1_67' title='bbox 1471 782 1710 828; x_wconf 86' lang='lat' dir='ltr'>rectissime</span> 
     </span>
     <span class='ocr_line' id='line_1_10' title="bbox 311 852 1711 913; baseline 0.003 -17"><span class='ocrx_word' id='word_1_68' title='bbox 311 860 443 913; x_wconf 86' lang='lat' dir='ltr'>atque</span> <span class='ocrx_word' id='word_1_69' title='bbox 465 852 731 897; x_wconf 83' lang='lat' dir='ltr'>sanctissime</span> <span class='ocrx_word' id='word_1_70' title='bbox 753 852 936 896; x_wconf 87' lang='lat' dir='ltr'>definita</span> <span class='ocrx_word' id='word_1_71' title='bbox 953 861 1033 909; x_wconf 78' lang='lat' dir='ltr'>est,</span> <span class='ocrx_word' id='word_1_72' title='bbox 1059 868 1206 897; x_wconf 89' lang='lat' dir='ltr'>rerum</span> <span class='ocrx_word' id='word_1_73' title='bbox 1219 853 1513 899; x_wconf 87' lang='lat' dir='ltr'>humanarum</span> <span class='ocrx_word' id='word_1_74' title='bbox 1533 862 1578 900; x_wconf 90' lang='lat' dir='ltr'>et</span> <span class='ocrx_word' id='word_1_75' title='bbox 1597 852 1711 899; x_wconf 86' lang='lat' dir='ltr'>divi-</span> 
     </span>
     <span class='ocr_line' id='line_1_11' title="bbox 312 924 1484 972; baseline 0.003 -4"><span class='ocrx_word' id='word_1_76' title='bbox 312 940 469 969; x_wconf 88' lang='lat' dir='ltr'>narum</span> <span class='ocrx_word' id='word_1_77' title='bbox 493 941 596 970; x_wconf 91' lang='lat' dir='ltr'>cum</span> <span class='ocrx_word' id='word_1_78' title='bbox 618 924 926 970; x_wconf 85' lang='lat' dir='ltr'>benevolentia</span> <span class='ocrx_word' id='word_1_79' title='bbox 948 934 993 970; x_wconf 91' lang='lat' dir='ltr'>et</span> <span class='ocrx_word' id='word_1_80' title='bbox 1013 926 1226 971; x_wconf 79' lang='lat' dir='ltr'>charitate</span> <span class='ocrx_word' id='word_1_81' title='bbox 1239 926 1484 972; x_wconf 88' lang='lat' dir='ltr'>consensio.</span> 
     </span>
    </p>
   </div>
   <div class='ocr_carea' id='block_1_2' title="bbox 312 1086 1710 1257">
    <p class='ocr_par' dir='ltr' id='par_1_3' title="bbox 312 1086 1710 1257">
     <span class='ocr_line' id='line_1_12' title="bbox 312 1086 1710 1104; baseline 0.001 -2"><span class='ocrx_word' id='word_1_82' title='bbox 312 1086 1489 1104; x_wconf 63' lang='lat' dir='ltr'>mwiwwmmmmwvvmvwwumwwwwmwwmmmmwwm</span> <span class='ocrx_word' id='word_1_83' title='bbox 1497 1086 1710 1104; x_wconf 63' lang='lat' dir='ltr'>mwwm</span> 
     </span>
     <span class='ocr_line' id='line_1_13' title="bbox 827 1206 1188 1257; baseline -0.006 0"><span class='ocrx_word' id='word_1_84' title='bbox 827 1206 1044 1257; x_wconf 74' lang='lat' dir='ltr'>CAPUT</span> <span class='ocrx_word' id='word_1_85' title='bbox 1078 1209 1188 1257; x_wconf 63' lang='lat' dir='ltr'>Vll.</span> 
     </span>
    </p>
   </div>
   <div class='ocr_carea' id='block_1_3' title="bbox 312 1334 1712 1469">
    <p class='ocr_par' dir='ltr' id='par_1_4' title="bbox 312 1334 1712 1469">
     <span class='ocr_line' id='line_1_14' title="bbox 312 1334 1712 1416; baseline -0.001 -18"><span class='ocrx_word' id='word_1_86' title='bbox 312 1353 612 1416; x_wconf 72' lang='lat' dir='ltr'>Augustinus</span> <span class='ocrx_word' id='word_1_87' title='bbox 633 1349 805 1412; x_wconf 70' lang='lat' dir='ltr'>Alypii</span> <span class='ocrx_word' id='word_1_88' title='bbox 816 1348 1013 1396; x_wconf 71' lang='lat' dir='ltr'>hortata</span> <span class='ocrx_word' id='word_1_89' title='bbox 1028 1348 1177 1395; x_wconf 76' lang='lat' dir='ltr'>habet</span> <span class='ocrx_word' id='word_1_90' title='bbox 1193 1347 1419 1411; x_wconf 80' lang='lat' dir='ltr'>deinceps</span> <span class='ocrx_word' id='word_1_91' title='bbox 1440 1334 1712 1396; x_wconf 57' lang='lat' dir='ltr'>orationem</span> 
     </span>
     <span class='ocr_line' id='line_1_15' title="bbox 742 1419 1280 1469; baseline -0.004 -1"><span class='ocrx_word' id='word_1_92' title='bbox 742 1431 916 1469; x_wconf 77' lang='lat' dir='ltr'>contra</span> <span class='ocrx_word' id='word_1_93' title='bbox 934 1419 1280 1469; x_wconf 77' lang='lat' dir='ltr'>Academicos.</span> 
     </span>
    </p>
   </div>
   <div class='ocr_carea' id='block_1_4' title="bbox 310 1556 1711 2624">
    <p class='ocr_par' dir='ltr' id='par_1_5' title="bbox 310 1556 1711 2624">
     <span class='ocr_line' id='line_1_16' title="bbox 372 1556 1709 1620; baseline -0.002 -13"><span class='ocrx_word' id='word_1_94' title='bbox 372 1563 493 1607; x_wconf 90' lang='lat' dir='ltr'><strong>XIV.</strong></span> <span class='ocrx_word' id='word_1_95' title='bbox 512 1563 670 1606; x_wconf 77' lang='lat' dir='ltr'><strong>TAMEN</strong></span> <span class='ocrx_word' id='word_1_96' title='bbox 679 1575 735 1605; x_wconf 91' lang='lat' dir='ltr'>ne</span> <span class='ocrx_word' id='word_1_97' title='bbox 748 1568 825 1605; x_wconf 88' lang='lat' dir='ltr'>aut</span> <span class='ocrx_word' id='word_1_98' title='bbox 837 1558 1204 1605; x_wconf 85' lang='lat' dir='ltr'>Academicorum</span> <span class='ocrx_word' id='word_1_99' title='bbox 1218 1566 1476 1618; x_wconf 81' lang='lat' dir='ltr'>argumenta</span> <span class='ocrx_word' id='word_1_100' title='bbox 1492 1556 1709 1620; x_wconf 87' lang='lat' dir='ltr'>quasdam</span> 
     </span>
     <span class='ocr_line' id='line_1_17' title="bbox 311 1629 1709 1687; baseline -0.003 -9"><span class='ocrx_word' id='word_1_101' title='bbox 311 1632 496 1679; x_wconf 84' lang='lat' dir='ltr'>nebulas</span> <span class='ocrx_word' id='word_1_102' title='bbox 511 1631 745 1677; x_wconf 87' lang='lat' dir='ltr'>videantur</span> <span class='ocrx_word' id='word_1_103' title='bbox 764 1630 997 1677; x_wconf 84' lang='lat' dir='ltr'>offundere</span> <span class='ocrx_word' id='word_1_104' title='bbox 1017 1664 1029 1687; x_wconf 82' lang='grc'><em>,</em></span> <span class='ocrx_word' id='word_1_105' title='bbox 1054 1639 1130 1675; x_wconf 87' lang='lat' dir='ltr'>aut</span> <span class='ocrx_word' id='word_1_106' title='bbox 1142 1629 1494 1675; x_wconf 86' lang='lat' dir='ltr'>doctissimorum</span> <span class='ocrx_word' id='word_1_107' title='bbox 1511 1630 1709 1675; x_wconf 89' lang='lat' dir='ltr'>virorum</span> 
     </span>
     <span class='ocr_line' id='line_1_18' title="bbox 311 1701 1710 1766; baseline -0.004 -15"><span class='ocrx_word' id='word_1_108' title='bbox 311 1705 577 1762; x_wconf 81' lang='lat' dir='ltr'>auctoritati,</span> <span class='ocrx_word' id='word_1_109' title='bbox 609 1704 727 1749; x_wconf 85' lang='lat' dir='ltr'>inter</span> <span class='ocrx_word' id='word_1_110' title='bbox 752 1719 862 1766; x_wconf 87' lang='lat' dir='ltr'>quos</span> <span class='ocrx_word' id='word_1_111' title='bbox 887 1703 1072 1748; x_wconf 80' lang='lat' dir='ltr'>maxime</span> <span class='ocrx_word' id='word_1_112' title='bbox 1106 1701 1276 1747; x_wconf 84' lang='lat' dir='ltr'>Tullius</span> <span class='ocrx_word' id='word_1_113' title='bbox 1302 1718 1394 1747; x_wconf 90' lang='lat' dir='ltr'>non</span> <span class='ocrx_word' id='word_1_114' title='bbox 1420 1716 1597 1747; x_wconf 83' lang='lat' dir='ltr'>movere</span> <span class='ocrx_word' id='word_1_115' title='bbox 1628 1717 1710 1747; x_wconf 92' lang='lat' dir='ltr'>nos</span> 
     </span>
     <span class='ocr_line' id='line_1_19' title="bbox 311 1772 1711 1838; baseline -0.004 -16"><span class='ocrx_word' id='word_1_116' title='bbox 311 1792 402 1822; x_wconf 90' lang='lat' dir='ltr'>non</span> <span class='ocrx_word' id='word_1_117' title='bbox 418 1785 579 1838; x_wconf 83' lang='lat' dir='ltr'>potest,</span> <span class='ocrx_word' id='word_1_118' title='bbox 604 1775 792 1837; x_wconf 89' lang='lat' dir='ltr'>superbe</span> <span class='ocrx_word' id='word_1_119' title='bbox 804 1773 1030 1822; x_wconf 88' lang='lat' dir='ltr'>nonnullis</span> <span class='ocrx_word' id='word_1_120' title='bbox 1048 1773 1245 1818; x_wconf 86' lang='lat' dir='ltr'>resistere</span> <span class='ocrx_word' id='word_1_121' title='bbox 1265 1772 1512 1830; x_wconf 84' lang='lat' dir='ltr'>videamur,</span> <span class='ocrx_word' id='word_1_122' title='bbox 1528 1773 1564 1817; x_wconf 92' lang='lat' dir='ltr'>si</span> <span class='ocrx_word' id='word_1_123' title='bbox 1584 1772 1711 1818; x_wconf 88' lang='lat' dir='ltr'>vohis</span> 
     </span>
     <span class='ocr_line' id='line_1_20' title="bbox 310 1843 1710 1910; baseline -0.003 -17"><span class='ocrx_word' id='word_1_124' title='bbox 310 1847 475 1910; x_wconf 87' lang='lat' dir='ltr'>placet,</span> <span class='ocrx_word' id='word_1_125' title='bbox 500 1848 620 1909; x_wconf 88' lang='lat' dir='ltr'>prius</span> <span class='ocrx_word' id='word_1_126' title='bbox 633 1863 774 1908; x_wconf 88' lang='lat' dir='ltr'>pauca</span> <span class='ocrx_word' id='word_1_127' title='bbox 795 1855 949 1892; x_wconf 88' lang='lat' dir='ltr'>contra</span> <span class='ocrx_word' id='word_1_128' title='bbox 963 1860 1036 1890; x_wconf 89' lang='lat' dir='ltr'>eos</span> <span class='ocrx_word' id='word_1_129' title='bbox 1057 1843 1263 1889; x_wconf 81' lang='lat' dir='ltr'>disseram</span> <span class='ocrx_word' id='word_1_130' title='bbox 1278 1879 1290 1900; x_wconf 84' lang='lat'>‚</span> <span class='ocrx_word' id='word_1_131' title='bbox 1315 1844 1481 1904; x_wconf 86' lang='lat' dir='ltr'>quibus</span> <span class='ocrx_word' id='word_1_132' title='bbox 1502 1843 1710 1889; x_wconf 88' lang='lat' dir='ltr'>videntur</span> 
     </span>
     <span class='ocr_line' id='line_1_21' title="bbox 311 1914 1711 1982; baseline -0.004 -16"><span class='ocrx_word' id='word_1_133' title='bbox 311 1921 629 1982; x_wconf 87' lang='lat' dir='ltr'>disputationes</span> <span class='ocrx_word' id='word_1_134' title='bbox 649 1918 737 1964; x_wconf 85' lang='lat' dir='ltr'>illae</span> <span class='ocrx_word' id='word_1_135' title='bbox 759 1917 977 1964; x_wconf 86' lang='lat' dir='ltr'>adversari</span> <span class='ocrx_word' id='word_1_136' title='bbox 997 1917 1183 1963; x_wconf 86' lang='lat' dir='ltr'>veritati.</span> <span class='ocrx_word' id='word_1_137' title='bbox 1203 1914 1374 1962; x_wconf 90' lang='lat' dir='ltr'>Deinde</span> <span class='ocrx_word' id='word_1_138' title='bbox 1389 1924 1441 1960; x_wconf 89' lang='lat' dir='ltr'>ut</span> <span class='ocrx_word' id='word_1_139' title='bbox 1460 1915 1569 1960; x_wconf 90' lang='lat' dir='ltr'>mihi</span> <span class='ocrx_word' id='word_1_140' title='bbox 1589 1915 1711 1961; x_wconf 91' lang='lat' dir='ltr'>vide-</span> 
     </span>
     <span class='ocr_line' id='line_1_22' title="bbox 311 1987 1708 2053; baseline -0.005 -14"><span class='ocrx_word' id='word_1_141' title='bbox 311 2003 409 2050; x_wconf 84' lang='lat' dir='ltr'>tur,</span> <span class='ocrx_word' id='word_1_142' title='bbox 434 1992 662 2039; x_wconf 88' lang='lat' dir='ltr'>ostendam</span> <span class='ocrx_word' id='word_1_143' title='bbox 687 2007 788 2053; x_wconf 88' lang='lat' dir='ltr'>quae</span> <span class='ocrx_word' id='word_1_144' title='bbox 820 2007 949 2036; x_wconf 90' lang='lat' dir='ltr'>causa</span> <span class='ocrx_word' id='word_1_145' title='bbox 975 1989 1109 2035; x_wconf 87' lang='lat' dir='ltr'>fuerit</span> <span class='ocrx_word' id='word_1_146' title='bbox 1139 1988 1409 2035; x_wconf 85' lang='lat' dir='ltr'>Academicis</span> <span class='ocrx_word' id='word_1_147' title='bbox 1431 1987 1708 2033; x_wconf 83' lang='lat' dir='ltr'>occultandae</span> 
     </span>
     <span class='ocr_line' id='line_1_23' title="bbox 311 2058 1707 2123; baseline -0.005 -14"><span class='ocrx_word' id='word_1_148' title='bbox 311 2065 537 2110; x_wconf 70' lang='lat' dir='ltr'>sententiae</span> <span class='ocrx_word' id='word_1_149' title='bbox 561 2079 666 2108; x_wconf 82' lang='lat' dir='ltr'>suae.</span> <span class='ocrx_word' id='word_1_150' title='bbox 695 2065 866 2123; x_wconf 76' lang='lat' dir='ltr'>Itaque,</span> <span class='ocrx_word' id='word_1_151' title='bbox 886 2060 1035 2121; x_wconf 82' lang='lat' dir='ltr'>Alypi,</span> <span class='ocrx_word' id='word_1_152' title='bbox 1061 2061 1260 2122; x_wconf 86' lang='lat' dir='ltr'>quamvis</span> <span class='ocrx_word' id='word_1_153' title='bbox 1273 2068 1316 2105; x_wconf 89' lang='lat' dir='ltr'>te</span> <span class='ocrx_word' id='word_1_154' title='bbox 1343 2068 1489 2104; x_wconf 90' lang='lat' dir='ltr'>totum</span> <span class='ocrx_word' id='word_1_155' title='bbox 1516 2058 1563 2103; x_wconf 89' lang='lat' dir='ltr'>in</span> <span class='ocrx_word' id='word_1_156' title='bbox 1598 2058 1707 2103; x_wconf 90' lang='lat' dir='ltr'>meis</span> 
     </span>
     <span class='ocr_line' id='line_1_24' title="bbox 311 2129 1706 2197; baseline -0.006 -16"><span class='ocrx_word' id='word_1_157' title='bbox 311 2137 508 2197; x_wconf 88' lang='lat' dir='ltr'>partibus</span> <span class='ocrx_word' id='word_1_158' title='bbox 521 2135 709 2191; x_wconf 79' lang='lat' dir='ltr'>videam,</span> <span class='ocrx_word' id='word_1_159' title='bbox 727 2143 876 2179; x_wconf 88' lang='lat' dir='ltr'>tamen</span> <span class='ocrx_word' id='word_1_160' title='bbox 884 2134 1054 2194; x_wconf 88' lang='lat' dir='ltr'>suscipe</span> <span class='ocrx_word' id='word_1_161' title='bbox 1071 2149 1151 2193; x_wconf 87' lang='lat' dir='ltr'>pro</span> <span class='ocrx_word' id='word_1_162' title='bbox 1167 2130 1490 2193; x_wconf 85' lang='lat' dir='ltr'>hispaululum‚</span> <span class='ocrx_word' id='word_1_163' title='bbox 1507 2129 1706 2191; x_wconf 85' lang='lat' dir='ltr'>mihique</span> 
     </span>
     <span class='ocr_line' id='line_1_25' title="bbox 312 2202 1702 2269; baseline -0.005 -17"><span class='ocrx_word' id='word_1_164' title='bbox 312 2209 540 2269; x_wconf 86' lang='lat' dir='ltr'>responde.</span> <span class='ocrx_word' id='word_1_165' title='bbox 574 2206 794 2262; x_wconf 90' lang='lat' dir='ltr'>Quoniam</span> <span class='ocrx_word' id='word_1_166' title='bbox 826 2203 980 2262; x_wconf 80' lang='lat' dir='ltr'>hodie⁷</span> <span class='ocrx_word' id='word_1_167' title='bbox 1010 2205 1173 2266; x_wconf 84' lang='lat' dir='ltr'>inquit,</span> <span class='ocrx_word' id='word_1_168' title='bbox 1203 2203 1448 2264; x_wconf 80' lang='lat' dir='ltr'>auspicato,</span> <span class='ocrx_word' id='word_1_169' title='bbox 1473 2211 1525 2248; x_wconf 92' lang='lat' dir='ltr'>ut</span> <span class='ocrx_word' id='word_1_170' title='bbox 1557 2202 1702 2258; x_wconf 84' lang='lat' dir='ltr'>aiunt,</span> 
     </span>
     <span class='ocr_line' id='line_1_26' title="bbox 311 2273 1702 2341; baseline -0.006 -15"><span class='ocrx_word' id='word_1_171' title='bbox 311 2279 571 2341; x_wconf 83' lang='lat' dir='ltr'>processisti,</span> <span class='ocrx_word' id='word_1_172' title='bbox 591 2294 682 2324; x_wconf 90' lang='lat' dir='ltr'>non</span> <span class='ocrx_word' id='word_1_173' title='bbox 705 2277 945 2338; x_wconf 89' lang='lat' dir='ltr'>impediam</span> <span class='ocrx_word' id='word_1_174' title='bbox 965 2276 1264 2338; x_wconf 87' lang='lat' dir='ltr'>plenissimam</span> <span class='ocrx_word' id='word_1_175' title='bbox 1283 2273 1512 2321; x_wconf 84' lang='lat' dir='ltr'>victoriam</span> <span class='ocrx_word' id='word_1_176' title='bbox 1546 2283 1670 2319; x_wconf 89' lang='lat' dir='ltr'>tuam</span> <span class='ocrx_word' id='word_1_177' title='bbox 1688 2308 1702 2329; x_wconf 85' lang='lat'>‚</span> 
     </span>
     <span class='ocr_line' id='line_1_27' title="bbox 312 2347 1705 2414; baseline -0.006 -16"><span class='ocrx_word' id='word_1_178' title='bbox 312 2362 356 2398; x_wconf 87' lang='lat' dir='ltr'>et</span> <span class='ocrx_word' id='word_1_179' title='bbox 375 2361 519 2414; x_wconf 89' lang='lat' dir='ltr'>partes</span> <span class='ocrx_word' id='word_1_180' title='bbox 540 2350 633 2395; x_wconf 86' lang='lat' dir='ltr'>illas</span> <span class='ocrx_word' id='word_1_181' title='bbox 648 2352 739 2411; x_wconf 88' lang='lat' dir='ltr'>jam</span> <span class='ocrx_word' id='word_1_182' title='bbox 762 2350 955 2395; x_wconf 87' lang='lat' dir='ltr'>securius</span> <span class='ocrx_word' id='word_1_183' title='bbox 971 2385 982 2406; x_wconf 78' lang='grc'><em>,</em></span> <span class='ocrx_word' id='word_1_184' title='bbox 1007 2365 1098 2410; x_wconf 83' lang='lat' dir='ltr'>quo</span> <span class='ocrx_word' id='word_1_185' title='bbox 1120 2349 1197 2394; x_wconf 87' lang='lat' dir='ltr'>abs</span> <span class='ocrx_word' id='word_1_186' title='bbox 1218 2356 1263 2392; x_wconf 91' lang='lat' dir='ltr'>te</span> <span class='ocrx_word' id='word_1_187' title='bbox 1288 2347 1578 2407; x_wconf 82' lang='lat' dir='ltr'>imponuntur</span> <span class='ocrx_word' id='word_1_188' title='bbox 1605 2355 1705 2391; x_wconf 89' lang='lat' dir='ltr'>ten-</span> 
     </span>
     <span class='ocr_line' id='line_1_28' title="bbox 312 2417 1702 2482; baseline -0.005 -14"><span class='ocrx_word' id='word_1_189' title='bbox 312 2423 416 2469; x_wconf 88' lang='lat' dir='ltr'>tabo</span> <span class='ocrx_word' id='word_1_190' title='bbox 453 2422 670 2482; x_wconf 90' lang='lat' dir='ltr'>suscipere</span> <span class='ocrx_word' id='word_1_191' title='bbox 696 2441 706 2467; x_wconf 85' lang='lat'>:</span> <span class='ocrx_word' id='word_1_192' title='bbox 752 2422 788 2466; x_wconf 89' lang='lat' dir='ltr'>si</span> <span class='ocrx_word' id='word_1_193' title='bbox 822 2430 970 2465; x_wconf 88' lang='lat' dir='ltr'>tamen</span> <span class='ocrx_word' id='word_1_194' title='bbox 1001 2421 1086 2465; x_wconf 91' lang='lat' dir='ltr'>hoc</span> <span class='ocrx_word' id='word_1_195' title='bbox 1124 2418 1250 2481; x_wconf 85' lang='lat' dir='ltr'>quod</span> <span class='ocrx_word' id='word_1_196' title='bbox 1286 2417 1702 2477; x_wconf 83' lang='lat' dir='ltr'>interrogationibus</span> 
     </span>
     <span class='ocr_line' id='line_1_29' title="bbox 312 2488 1702 2553; baseline -0.006 -11"><span class='ocrx_word' id='word_1_197' title='bbox 312 2505 355 2541; x_wconf 90' lang='lat' dir='ltr'>te</span> <span class='ocrx_word' id='word_1_198' title='bbox 385 2504 585 2541; x_wconf 87' lang='lat' dir='ltr'>acturum</span> <span class='ocrx_word' id='word_1_199' title='bbox 613 2509 703 2539; x_wconf 87' lang='lat' dir='ltr'>esse</span> <span class='ocrx_word' id='word_1_200' title='bbox 737 2493 974 2553; x_wconf 80' lang='lat' dir='ltr'>significas,</span> <span class='ocrx_word' id='word_1_201' title='bbox 1006 2493 1054 2538; x_wconf 89' lang='lat' dir='ltr'>in</span> <span class='ocrx_word' id='word_1_202' title='bbox 1076 2491 1317 2538; x_wconf 90' lang='lat' dir='ltr'>orationem</span> <span class='ocrx_word' id='word_1_203' title='bbox 1351 2499 1608 2550; x_wconf 85' lang='lat' dir='ltr'>perpetuam</span> <span class='ocrx_word' id='word_1_204' title='bbox 1630 2488 1702 2545; x_wconf 90' lang='lat' dir='ltr'>(si</span> 
     </span>
     <span class='ocr_line' id='line_1_30' title="bbox 314 2561 1701 2624; baseline -0.006 -11"><span class='ocrx_word' id='word_1_205' title='bbox 314 2567 392 2613; x_wconf 79' lang='lat' dir='ltr'>tibi</span> <span class='ocrx_word' id='word_1_206' title='bbox 413 2566 695 2614; x_wconf 88' lang='lat' dir='ltr'>commodum</span> <span class='ocrx_word' id='word_1_207' title='bbox 710 2570 790 2624; x_wconf 85' lang='lat' dir='ltr'>est)</span> <span class='ocrx_word' id='word_1_208' title='bbox 806 2565 931 2614; x_wconf 88' lang='lat' dir='ltr'>malis</span> <span class='ocrx_word' id='word_1_209' title='bbox 952 2573 1205 2614; x_wconf 84' lang='lat' dir='ltr'>convertere</span> <span class='ocrx_word' id='word_1_210' title='bbox 1218 2597 1230 2619; x_wconf 85' lang='lat'>‚</span> <span class='ocrx_word' id='word_1_211' title='bbox 1254 2577 1311 2609; x_wconf 88' lang='lat' dir='ltr'>ne</span> <span class='ocrx_word' id='word_1_212' title='bbox 1326 2575 1428 2610; x_wconf 86' lang='lat' dir='ltr'>vere</span> <span class='ocrx_word' id='word_1_213' title='bbox 1440 2569 1492 2607; x_wconf 94' lang='lat' dir='ltr'>ut</span> <span class='ocrx_word' id='word_1_214' title='bbox 1503 2561 1701 2622; x_wconf 84' lang='lat' dir='ltr'>pertinax</span> 
     </span>
    </p>
   </div>
  </div>
 </body>
</html>
