1888 3168
707 247 761 276 DE
794 242 948 276 §arslot
982 246 1065 276 Lm.
1103 247 1144 275 v.
1536 233 1621 275 443

222 321 342 357 runt.
354 313 384 357 C
394 313 490 373 ujus
505 310 807 372 appellationis
820 311 1033 371 originem
1046 310 1226 357 fortasse
1238 312 1621 373 progredientibus

185 436 188 437 ⁷
222 385 350 429 nobis
372 385 482 429 ratio
513 383 605 444 ipsa
629 383 906 429 monstrabit.
931 385 1084 445 Neque
1114 384 1199 429 hoc
1236 384 1297 429 ita
1318 384 1624 446 praescriptum

223 465 372 518 putes,
398 465 449 501 ut
473 454 548 502 illa
575 455 706 501 etiam
728 466 866 502 metra
897 472 1046 502 versus
1068 472 1224 502 vocare
1250 472 1342 502 non
1363 457 1507 503 liceat.
1537 456 1624 504 Sed

224 528 346 573 aliud
363 537 426 573 est
448 543 551 573 cum
572 528 798 573 abutimur
813 528 1013 585 nomine,
1032 528 1208 574 licentia
1225 528 1452 590 cujusdam
1467 529 1628 575 vicini-

226 600 323 645 tatis
341 621 352 659 3
370 598 492 645 aliud
507 615 610 644 cum
631 615 724 644 rem
745 599 964 646 vocabulo
980 616 1060 646 suo
1075 600 1371 646 enuntiamus.
1391 600 1476 646 Sed
1489 601 1628 647 nomi-

223 687 331 716 num
353 671 712 716 commemoratio
734 672 947 718 hactenus
968 670 1084 718 facta
1105 672 1182 731 sit3
1201 671 1247 717 in
1264 672 1449 734 quibus,
1475 681 1525 717 ut
1535 673 1626 734 jam

224 742 480 800 didicimus,
501 744 721 789 concessio
738 743 1134 805 interloquentium
1156 753 1200 789 et
1220 744 1447 789 vetustatis
1476 754 1629 789 aucto-

224 815 326 859 ritas
350 823 497 860 totum
519 814 648 860 valet.
672 817 863 872 Caetera,
884 816 917 860 si
940 815 1105 876 placet,
1130 831 1252 861 more
1269 825 1419 860 nostro
1448 815 1629 861 investi-

225 902 376 947 gemus
394 903 523 932 sensu
546 888 726 943 nuntio,
748 886 893 933 indice
917 888 1106 945 ratione,
1127 897 1177 933 ut
1197 887 1294 933 illos
1316 888 1447 933 etiam
1462 897 1630 933 veteres

225 969 423 1005 auctores
451 975 540 1004 non
575 959 812 1005 instituisse
834 960 912 1005 ista
936 960 1061 1022 quasi
1096 976 1196 1022 quae
1224 960 1269 1004 in
1294 969 1450 1005 natura
1479 975 1628 1005 rerum

169 1085 172 1086 ⁷
223 1032 392 1091 integra
410 1042 454 1076 et
467 1030 661 1093 perfecta
676 1048 766 1078 non
780 1031 943 1077 fuerint
957 1069 966 1089 ,
980 1032 1056 1078 sed
1069 1032 1371 1079 ratiocinando
1389 1033 1603 1079 invenisse
1615 1069 1626 1089 ,
1679 1047 1681 1051 ’

223 1113 268 1149 et
282 1101 550 1165 appellando
562 1113 732 1149 notasse
750 1120 1000 1165 cognoscas.

228 1261 1162 1282 mmmmmwvkuwvswwxmmwuwmwu
1167 1263 1449 1281 wumwmwm
1454 1263 1592 1281 mm
1596 1263 1627 1280 Μ

755 1386 976 1439 CAPUT
1013 1390 1079 1437 II.

224 1533 392 1581 Metra
425 1536 474 1580 in
507 1531 631 1581 duas
659 1542 829 1596 partes
861 1530 1119 1580 divisibilia
1158 1534 1347 1581 coeteris
1374 1543 1628 1596 praestant.

286 1673 344 1715 ΙΙ.
381 1674 536 1725 Quium
570 1670 763 1732 primum
792 1686 816 1715 a
851 1679 894 1716 te
925 1686 1097 1732 quaero,
1125 1679 1277 1715 utrum
1308 1670 1367 1717 ob
1405 1671 1526 1717 aliud
1556 1688 1633 1733 pes

224 1759 375 1788 aurem
398 1742 613 1799 mulceat,
631 1743 711 1787 nisi
738 1743 859 1804 quod
881 1743 927 1788 in
949 1758 1001 1788 eo
1024 1742 1124 1788 duae
1147 1742 1233 1806 illae
1255 1753 1422 1804 partes,
1442 1761 1631 1806 quarum

224 1832 313 1861 una
349 1816 394 1859 in
437 1814 677 1872 levatione,
704 1815 837 1860 altera
871 1815 917 1859 in
939 1816 1154 1876 positione
1174 1825 1259 1871 est,
1291 1832 1525 1862 numerosa
1548 1817 1632 1862 sibi

224 1886 520 1932 concinnitate
542 1886 841 1947 respondent?
864 1889 916 1931 D.
944 1889 1042 1931 Jam
1064 1887 1149 1932 hoc
1172 1886 1353 1947 quidem
1380 1887 1489 1932 mihi
1528 1897 1630 1933 ante

224 1974 479 2020 persuasum
501 1967 564 2003 est
587 1967 719 2019 atque
741 1967 1033 2018 compertum.
1054 1961 1115 2003 M.
1143 1957 1260 2012 Quid
1275 1968 1488 2016 metrum,
1509 1959 1632 2022 quod

223 2028 509 2075 manifestum
522 2039 587 2074 est
598 2028 763 2090 pedum
775 2028 1010 2074 collatione
1029 2030 1187 2074 confici
1202 2066 1212 2086 ⁷
1229 2036 1338 2075 num
1350 2047 1401 2075 ex
1419 2047 1470 2076 eo
1486 2048 1633 2077 rerum

227 2117 384 2161 genere
403 2116 492 2146 esse
513 2099 818 2145 arbitrandum
837 2109 901 2144 est
922 2100 1043 2161 quod
1063 2099 1197 2145 dividi
1228 2117 1318 2146 non
1336 2111 1480 2162 potest
1498 2138 1508 2159 ‚
1529 2118 1633 2148 cum

228 2173 408 2218 omnino
431 2182 475 2218 et
500 2172 611 2217 nihil
640 2171 917 2217 individuum
947 2188 1025 2232 per
1044 2181 1218 2234 tempus
1242 2173 1366 2219 tendi
1401 2184 1555 2236 queat,
1586 2184 1631 2220 et

226 2245 348 2307 quod
361 2261 412 2289 ex
422 2241 610 2290 dividuis
623 2244 810 2305 pedibus
824 2253 993 2289 constat
1004 2281 1014 2301 ,
1030 2245 1337 2291 absurdissime
1349 2246 1632 2292 individuum

225 2318 434 2377 putetur?
459 2319 509 2360 D.
531 2314 663 2362 Nullo
694 2315 827 2360 modo
857 2316 942 2360 hoc
982 2332 1117 2375 genus
1156 2316 1414 2363 divisionem
1436 2319 1630 2379 recipere

228 2387 475 2432 abnuerim.
502 2389 562 2433 M.
581 2390 639 2432 At
661 2387 812 2432 omnia
830 2403 930 2449 quae
948 2388 1166 2449 recipiunt
1186 2388 1467 2447 divisionem,
1484 2406 1632 2436 nonne

224 2458 478 2520 pulchriora
499 2468 624 2515 sunt,
641 2459 674 2503 si
698 2474 852 2504 eorum
865 2451 1016 2519 ⁴partes
1036 2459 1181 2522 aliqua
1204 2461 1421 2522 parilitate
1443 2479 1629 2508 concor-

229 2531 337 2575 dent
355 2546 488 2592 quam
513 2529 547 2575 si
570 2529 788 2576 discordes
814 2540 856 2576 ct
877 2529 1061 2576 dissonae
1082 2532 1199 2578 sint?
1217 2539 1264 2577 D.
1293 2533 1414 2580 Nulli
1442 2534 1631 2579 dubium

230 2611 307 2647 est.
326 2604 384 2648 M.
406 2600 546 2659 Quid,
562 2602 694 2662 ipsius
709 2601 854 2663 parilis
869 2601 1091 2650 divisionis
1108 2640 1118 2660 ,
1133 2605 1209 2666 qui
1226 2606 1401 2653 tandem
1420 2621 1630 2652 numerus
