1888 3168
389 198 468 238 434
808 207 840 234 s.
878 207 1106 236 Moesum
1140 210 1317 237 Eriscorl

386 272 632 335 posuimus,
655 272 678 318 Ι
691 271 849 316 ‘'m-nat
872 274 1143 332 temperies,
1165 289 1298 318 αιιιη)
1323 284 1497 334 tepent,
1521 287 1630 322 sant
1652 275 1769 322 deli-

384 345 493 399 cz'a’,
518 358 619 387 eum
643 343 697 387 sit
719 358 808 386 una
832 344 1066 388 necessaria
1083 379 1093 399 ,
1121 359 1255 404 quam
1285 343 1470 390 diximus
1486 381 1497 401 ,
1528 346 1738 393 dimensio
1755 383 1765 403 ,

380 415 415 460 si
438 423 535 474 post
565 412 779 458 decimam
802 414 892 473 ejus
914 412 1127 471 syllabam
1156 424 1327 475 tempus
1356 431 1493 460 unum
1511 415 1706 473 sileatur,
1726 428 1770 462 et

381 494 570 546 quatuor
591 485 636 528 in
667 485 782 543 fine,
814 493 877 529 cst
900 483 981 528 alia
1004 484 1278 542 voluntaria,
1311 486 1344 530 si
1372 487 1468 547 quis
1487 497 1585 547 post
1607 497 1770 534 sextam

378 555 593 616 syllabam
608 555 715 601 velit
736 556 860 600 silere
882 555 971 601 duo
995 566 1191 617 tempora
1206 593 1217 613 ,
1243 567 1287 602 et
1308 574 1445 604 unum
1464 568 1562 620 post
1583 559 1768 606 undeci-

380 644 518 683 mam,
540 637 583 672 et
599 626 688 672 duo
704 627 749 672 in
772 627 858 671 fine
878 646 885 672 ;
912 636 962 671 111
982 627 1099 672 sitin
1117 628 1329 689 principio
1351 630 1571 690 spondeus
1587 666 1598 687 ,
1618 647 1770 692 sequa-

379 710 450 745 tur
483 701 600 745 hune
634 699 939 755 choriambus,
979 700 1103 745 tertio
1138 701 1333 761 spondeo
1375 700 1596 748 silentium
1631 702 1771 748 duum

380 782 626 834 temporum
649 781 988 829 annumeretur,
1029 782 1079 817 111·
1111 772 1182 818 vel
1218 772 1429 819 molossus
1455 775 1526 820 vel
1559 792 1583 820 a
1603 775 1770 820 minore

377 844 544 889 ionicus
578 844 674 899 fiat,
709 852 890 904 quartus
926 843 1132 888 bacchius
1165 843 1372 905 adjuncto
1411 845 1562 893 itidem
1599 846 1770 892 silentio

378 916 506 960 unius
533 915 737 975 temporis
752 916 828 959 fiat
850 915 1113 975 antispastus
1127 951 1138 971 ,
1160 916 1316 976 quinto
1339 917 1594 962 choriambo
1612 933 1770 962 nume-

378 1003 450 1031 rus
482 987 738 1031 terminetur
766 987 812 1030 in
845 1002 973 1043 voce,
1007 985 1181 1031 duobus
1210 988 1480 1048 temporibus
1509 988 1556 1032 in
1587 989 1674 1032 fine
1694 1004 1772 1048 per

378 1060 601 1106 silentium
630 1058 810 1104 redditis
842 1059 886 1104 in
914 1059 1127 1120 principio
1152 1059 1295 1105 locato
1327 1059 1536 1120 spondeo.
1567 1063 1647 1105 Est
1667 1060 1772 1105 item

379 1133 476 1178 alia,
505 1133 547 1177 Si
575 1132 692 1176 enim
713 1130 843 1186 velis,
870 1140 969 1191 post
991 1141 1155 1175 sextam
1186 1131 1399 1190 syllabam
1429 1147 1570 1177 unum
1598 1141 1771 1192 tempus

378 1203 544 1259 silebis,
576 1212 620 1247 et
652 1212 750 1263 post
781 1201 996 1247 decimam
1031 1219 1194 1259 unum,
1228 1213 1326 1263 post
1360 1203 1637 1248 undecimam
1671 1212 1770 1248 tan-

381 1275 601 1331 tumdem,
626 1284 670 1318 et
691 1274 780 1319 duo
803 1273 849 1318 in
872 1274 958 1317 fine
977 1293 986 1319 ι
1011 1284 1061 1318 111
1084 1276 1137 1319 sit
1158 1276 1323 1334 primus
1347 1274 1589 1335 spondeus,
1613 1290 1771 1319 secun-

380 1349 462 1395 dus
490 1348 794 1402 choriambus,
832 1346 982 1391 tertius
1019 1347 1363 1406 palimbacchius
1397 1347 1474 1392 fiat
1512 1347 1772 1407 antispastus

379 1437 468 1466 uno
491 1419 650 1465 silentii
676 1428 870 1478 tempore
898 1428 1208 1473 annumerato,
1233 1429 1413 1479 quartus
1445 1419 1665 1479 spondeus
1696 1419 1774 1462 fiat

380 1492 600 1539 dichorius
638 1491 767 1535 unius
801 1489 1007 1549 temporis
1041 1490 1291 1549 interjecto,
1324 1500 1368 1534 et
1401 1490 1531 1534 unius
1562 1489 1771 1550 temporis

379 1571 674 1624 consequente
692 1561 879 1616 silentio,
898 1561 1179 1605 choriambus
1200 1561 1380 1606 ultimus
1403 1576 1636 1605 numerum
1656 1560 1774 1605 clau-

381 1636 478 1692 dat,
503 1636 562 1679 ita
585 1643 636 1678 ut
657 1633 858 1678 sileamus
880 1631 970 1676 duo
992 1640 1187 1691 tempora
1208 1631 1254 1675 in
1276 1632 1379 1688 fine,
1405 1647 1505 1693 quae
1526 1631 1669 1691 primo
1692 1630 1773 1675 de-

381 1708 543 1753 bentur
570 1704 780 1766 spondeo.
805 1705 883 1747 Est
903 1711 946 1746 et
979 1702 1105 1747 tertia
1125 1701 1360 1759 dimensio,
1382 1703 1416 1747 si
1444 1712 1543 1763 post
1577 1703 1772 1763 primum

381 1777 625 1839 spondeum
646 1785 818 1835 tempus
838 1789 978 1818 unum
1006 1772 1203 1829 sileatur,
1225 1783 1268 1818 et
1289 1773 1458 1835 reliqua
1486 1790 1585 1834 quae
1608 1773 1655 1818 in
1672 1789 1774 1834 pro-

382 1851 500 1896 ximo
532 1849 753 1909 superiore
786 1855 1039 1903 serventur,
1063 1845 1143 1890 nisi
1174 1845 1295 1906 quod
1324 1847 1369 1890 in
1396 1847 1486 1907 ejus
1512 1847 1600 1891 fine
1633 1862 1774 1892 unum

384 1932 555 1982 tempus
577 1919 788 1974 silebitur,
813 1917 915 1976 quia
937 1916 1155 1977 spondeus
1178 1916 1251 1961 ille
1274 1917 1350 1977 qui
1367 1917 1476 1962 solet
1492 1918 1536 1961 in
1557 1918 1774 1979 principio

382 1994 531 2049 locari,
557 1998 850 2051 consequente
867 1989 996 2033 unius
1014 1988 1220 2048 temporis
1241 1988 1413 2033 silentio
1431 1987 1570 2033 faetus
1592 1998 1670 2046 est,
1694 2005 1775 2049 pa-

383 2064 685 2118 limbacchius,
703 2071 753 2106 ut
768 2060 865 2122 plus
883 2076 972 2105 uno
994 2070 1190 2120 tempore
1207 2060 1317 2103 nihil
1340 2060 1378 2103 ei
1400 2060 1634 2116 debeatur,
1652 2060 1774 2122 quod

382 2138 426 2183 in
451 2138 537 2181 fine
560 2133 776 2180 silendum
797 2141 874 2176 est.
900 2130 1023 2176 Unde
1039 2133 1128 2192 jam
1146 2130 1348 2191 perspicis
1375 2131 1525 2175 metris
1551 2131 1773 2191 interponi

381 2208 566 2263 silentia,
592 2204 795 2267 quaedam
821 2202 1072 2257 necessaria,
1104 2202 1306 2263 quaedam
1325 2201 1597 2247 voluntaria:
1629 2212 1675 2247 et
1695 2218 1773 2247 ne·-

382 2279 560 2326 cessaria
583 2277 777 2339 quidem,
795 2290 897 2320 cum
914 2273 1079 2333 aliquid
1096 2273 1280 2334 pedibus
1300 2273 1486 2317 debetur
1507 2272 1768 2333 implendis:

383 2350 628 2399 voluntaria
649 2364 769 2403 vero,
795 2363 895 2391 cum
916 2345 1035 2406 pleni
1056 2354 1158 2390 sunt
1177 2344 1309 2405 pedes
1332 2354 1462 2406 atque
1484 2345 1657 2405 integri.

440 2428 606 2471 XXIX.
627 2425 757 2479 Quod
781 2433 926 2468 autem
948 2422 1144 2482 superius
1162 2419 1328 2464 dietum
1350 2427 1429 2474 est,
1453 2417 1638 2478 amplius
1660 2433 1770 2478 qua-

381 2509 481 2545 tuor
499 2497 767 2557 temporibus
784 2495 1002 2540 silendum
1023 2509 1112 2538 non
1129 2507 1233 2547 esse,
1250 2492 1303 2536 de
1319 2489 1564 2536 necessariis
1579 2488 1774 2534 silentiis

381 2571 548 2617 dictum
579 2579 662 2625 est,
698 2568 776 2613 ubi
810 2566 958 2612 debita
992 2574 1185 2626 tempora
1217 2562 1461 2624 explentur.
1495 2564 1605 2609 Nam
1638 2561 1684 2605 in
1716 2560 1768 2608 iis
