1888 3168
671 205 726 233 DE
759 202 912 233 MUSICA
946 205 1028 234 ΜΒ.
1066 208 1094 233 1.
1487 197 1566 237 331

180 357 1573 381 mmmmmmmmmmmmmmmmmstwmm

705 469 925 524 CAPUT
965 472 1052 521 IV.

294 620 515 675 Sez‘entia
536 636 624 669 ezer
649 621 699 666 in
719 622 914 668 musicae
937 618 1212 684 definitione
1228 622 1442 682 ponitur.

224 760 279 809 V.
298 760 361 805 Μ.
378 761 549 804 RESTAT
561 767 612 804 ut
626 773 876 820 quaeramus
888 773 967 804 cur
979 757 1034 803 sit
1046 758 1092 802 in
1107 757 1363 809 definitione
1376 758 1572 803 scientia.

177 833 229 877 D.
257 833 324 875 Ita
345 830 450 875 fiat:
476 845 579 875 nam
601 829 686 874 hoc
714 829 912 890 flagitare
934 828 1135 875 ordinem
1155 829 1352 873 memini.
1378 832 1439 875 M.
1463 832 1574 874 Res-

176 900 323 963 ponde
363 900 517 959 igitur,
554 909 705 945 utrum
745 900 828 945 tibi
859 900 1064 969 videatur
1097 900 1212 945 bene
1245 898 1466 945 modulari
1498 917 1578 947 vo-

176 987 272 1018 cem
293 971 479 1016 luscinia
507 986 642 1017 verna
663 981 788 1032 parte
809 972 912 1016 anni
934 992 943 1018 :
968 971 1071 1017 nain
1098 981 1142 1016 et
1163 987 1426 1017 numerosus
1448 981 1513 1017 est
1535 983 1578 1017 et

175 1043 453 1089 suavissimus
483 1041 558 1087 ille
580 1053 756 1100 cantus,
781 1052 840 1099 et,
865 1042 948 1089 nisi
969 1042 1114 1100 fallor,
1140 1043 1327 1104 tempori
1353 1044 1574 1103 congruit.

174 1117 227 1160 D.
248 1113 436 1160 Videtur
453 1114 649 1159 omnino.
669 1117 731 1159 M.
747 1113 1078 1176 Numquidnam
1095 1114 1284 1159 liberalis
1299 1116 1430 1176 hujus
1448 1115 1579 1161 disci-

173 1186 306 1248 plinae
323 1187 462 1248 perita
484 1188 578 1231 est?
602 1189 654 1231 D.
680 1188 794 1232 Non.
814 1190 876 1232 M.
902 1185 1035 1231 Vides
1057 1187 1189 1246 igitur
1205 1203 1368 1232 nomen
1384 1188 1578 1233 scientiae

174 1258 422 1303 definitioni
464 1258 851 1319 pernecessarium.
892 1261 945 1302 D.
991 1257 1131 1302 Video
1163 1274 1356 1318 prorsus.
1399 1262 1461 1304 M.
1499 1259 1577 1305 Dic

172 1329 282 1374 mihi
315 1345 418 1388 ergo
434 1365 445 1385 ‚
471 1346 618 1390 quaeso
643 1338 686 1374 te
702 1365 713 1385 ‚
740 1344 889 1376 nonne
914 1328 1018 1373 tales
1052 1329 1133 1373 tibi
1169 1345 1320 1374 omnes
1343 1329 1573 1388 videntur,

173 1400 314 1461 qualis
336 1400 411 1444 illa
432 1400 616 1444 luscinia
638 1409 725 1455 est,
758 1400 837 1460 qui
859 1414 989 1444 sensu
1011 1401 1205 1461 quodam
1227 1400 1349 1447 ducti
1366 1402 1480 1448 bene
1503 1419 1578 1448 ca-

173 1480 289 1516 nunt
304 1506 316 1527 ,
340 1471 425 1517 hoc
445 1480 531 1527 est,
564 1486 796 1515 numerose
819 1470 866 1514 id
886 1470 1057 1516 faciunt
1079 1488 1129 1517 ac
1147 1473 1360 1529 suaviter,
1379 1475 1577 1535 quamvis

173 1544 429 1603 interrogati
452 1543 507 1588 de
526 1543 626 1603 ipsis
648 1542 841 1587 numeris
859 1579 869 1598 ,
903 1543 972 1587 vel
1004 1543 1059 1588 de
1087 1544 1325 1591 intervallis
1348 1555 1577 1591 acutarum

175 1614 462 1675 graviumque
478 1628 639 1660 vocum
659 1614 923 1674 respondere
943 1630 1034 1659 non
1051 1616 1233 1675 possint.
1250 1619 1303 1661 D.
1324 1617 1575 1663 Simillimos

174 1700 247 1730 eos
261 1694 387 1745 puto.
407 1687 469 1729 M.
496 1684 614 1738 Quid
627 1684 655 1727 ii
675 1685 751 1745 qui
772 1684 869 1729 illos
889 1685 981 1729 sine
998 1685 1078 1730 ista
1098 1686 1277 1731 seientia
1299 1687 1489 1732 libenter
1503 1706 1577 1733 au-

175 1757 325 1812 diunt,
351 1771 452 1814 cum
474 1755 701 1800 videamus
725 1755 997 1815 elephantos,
1016 1773 1153 1813 ursos,
1175 1758 1347 1819 aliaque
1362 1760 1575 1805 nonnulla

175 1843 334 1889 genera
356 1827 595 1871 bestiarum
619 1826 674 1871 ad
697 1836 848 1871 cantus
870 1829 1062 1884 moveri,
1082 1845 1271 1891 avesque
1292 1830 1406 1890 ipsas
1427 1831 1575 1877 delec-

173 1899 257 1944 tari
279 1899 365 1943 suis
386 1898 592 1954 vocibus,
624 1914 713 1942 non
735 1899 854 1942 enim
876 1899 1000 1945 nullo
1026 1910 1146 1945 extra
1174 1903 1318 1962 posito
1342 1904 1576 1949 commodo

174 1981 266 2016 tam
301 1971 492 2030 impense
526 1969 572 2014 id
608 1980 788 2030 agerent
823 1971 916 2015 sine
947 1972 1138 2033 quadam
1173 1973 1358 2020 libidine
1374 2013 1384 2032 ‚
1427 1993 1575 2022 nonne

174 2042 407 2104 pecoribus
429 2041 713 2102 comparandi
730 2045 858 2087 sunt?
872 2046 924 2087 D.
941 2045 1108 2089 Censeo
1131 2065 1139 2089 :
1167 2045 1243 2090 sed
1258 2063 1370 2106 pene
1386 2048 1430 2091 in
1446 2043 1576 2093 omne

177 2130 314 2174 genus
330 2114 575 2158 humanum
598 2112 740 2158 tendit
761 2115 856 2158 haec
870 2115 1152 2161 contumelia.
1175 2121 1235 2163 M.
1257 2121 1351 2164 Non
1374 2129 1436 2164 est
1454 2119 1575 2181 quod

175 2195 317 2247 putas.
343 2188 453 2232 Nam
475 2186 621 2244 magni
643 2186 724 2230 viri
746 2186 825 2231 etsi
858 2187 1069 2232 musicam
1102 2190 1330 2249 neseiunt3
1362 2202 1437 2236 aut
1466 2208 1573 2237 con—

178 2273 333 2318 gruere
349 2257 469 2318 plebi
483 2257 661 2314 volunt,
683 2274 783 2319 quse
806 2274 895 2303 non
912 2259 1104 2305 multum
1124 2278 1146 2305 a
1167 2263 1399 2322 pecoribus
1417 2263 1570 2318 distat,

178 2339 222 2374 et
244 2331 368 2390 cujus
396 2329 549 2389 ingens
573 2339 638 2375 est
659 2346 891 2388 numerus,
916 2333 1035 2392 quod
1059 2332 1375 2379 modestissime
1399 2352 1446 2380 ac
1465 2352 1572 2396 pru-

179 2400 430 2446 dentissime
447 2399 636 2459 faciunt,
655 2402 752 2459 (sed
774 2402 829 2447 de
850 2403 934 2448 hoe
956 2420 1076 2450 nunc
1094 2404 1326 2451 differendi
1346 2407 1467 2452 locus
1485 2424 1573 2453 non

180 2475 292 2531 est),
319 2482 395 2517 aut
414 2482 513 2533 post
529 2489 706 2534 magnas
729 2470 853 2519 eures
879 2474 1098 2521 relaxandi
1121 2470 1170 2522 ae
1193 2478 1422 2538 reparandi
1442 2479 1573 2523 animi

181 2545 317 2603 gratia
344 2544 686 2594 moderatissime
709 2547 764 2594 ab
787 2548 835 2593 iis
860 2546 1025 2608 aliquid
1050 2549 1287 2611 voluptatis
1311 2552 1571 2607 assumitur,
