1888 3168
301 181 384 218 318
727 186 761 213 s.
797 182 1028 215 Aucus‘nm
1059 185 1244 214 Eriseom

300 270 442 300 errare
460 267 551 298 non
572 251 720 312 possit.
742 252 827 305 Qui
848 252 1048 312 profecto
1064 251 1110 296 in
1132 265 1182 295 ea
1204 265 1295 295 non
1308 249 1596 308 instauratur,
1612 252 1697 297 nisi

300 327 420 388 prius
455 340 529 370 cor
550 322 769 368 mundum
791 324 945 379 fuerit,
969 324 1054 368 hoc
1076 331 1161 379 est,
1186 322 1269 367 nisi
1303 322 1424 383 prius
1445 322 1537 383 ipsa
1568 324 1691 384 cogi-

301 398 407 443 tatio
433 397 490 442 ab
522 396 642 442 omni
673 395 910 455 cupiditate
947 410 997 440 ac
1030 392 1137 439 faece
1160 410 1310 440 rerum
1331 393 1587 441 mortalium
1605 410 1694 441 sese

301 468 548 514 cohibuerit
566 476 608 512 et
625 466 897 527 eliquaverit.

360 542 559 584 LXXVI.
579 541 603 584 J
609 553 781 584 amvero
811 537 856 581 in
873 537 965 597 ipsa
981 536 1147 582 visione
1173 545 1306 598 atque
1323 535 1697 598 contemplatione

300 610 492 657 veritatis
508 645 520 666 ,
545 610 622 671 qui
645 609 856 669 septimus
879 617 1012 669 atque
1033 607 1215 653 ultimus
1237 609 1393 654 animae
1422 608 1580 668 gradus
1602 617 1696 660 est3

302 698 445 742 neque
461 682 553 742 jam
576 681 760 740 gradus,
790 679 867 724 sed
889 679 1093 740 quaedam
1124 679 1291 725 mansio
1314 696 1404 742 quo
1431 680 1516 725 illis
1547 679 1696 740 gradi-

303 754 385 798 bus
403 753 656 813 pervenitur
671 788 682 807 ‚
710 767 811 813 quae
832 751 919 795 sint
941 749 1100 810 gaudia
1119 786 1130 807 ‚
1156 768 1257 812 quae
1274 751 1516 812 perfructio
1538 750 1699 796 summi

301 834 347 885 ct
366 825 458 870 veri
478 825 606 880 boni,
632 824 755 884 cujus
773 822 1014 868 serenitatis
1037 831 1170 883 atque
1202 823 1454 868 aeternitatis
1488 822 1663 868 afflatus
1683 857 1696 878 ‚

303 898 412 960 quid
431 914 510 957 ego
524 898 692 942 dicam?
709 897 922 942 Dixerunt
938 896 1034 940 haec
1051 905 1268 956 quantum
1286 895 1471 941 dicenda
1484 911 1573 940 esse
1580 893 1700 955 judi-

304 978 544 1024 caverunt,
585 984 756 1028 magnae
796 967 1001 1029 quaedam
1038 976 1082 1012 et
1114 964 1472 1027 incomparabiles
1512 966 1669 1010 animae
1684 1000 1696 1020 ‚

304 1057 411 1102 quas
446 1041 577 1085 etiam
600 1039 759 1085 vidisse
789 1055 838 1084 ac
866 1038 1015 1084 videre
1037 1038 1119 1084 ista
1153 1039 1387 1084 credimus.
1422 1036 1542 1082 Illud
1569 1036 1702 1098 plane

304 1127 383 1170 ego
409 1128 529 1157 nunc
552 1111 692 1156 audeo
722 1111 806 1156 tibi
831 1110 976 1155 dicere
993 1146 1004 1166 ,
1037 1127 1116 1157 nos
1145 1111 1179 1156 si
1202 1126 1382 1156 cursum
1411 1125 1545 1172 quem
1573 1109 1701 1154 nobis

303 1186 419 1228 Deus
448 1184 632 1243 imperat
648 1218 658 1238 ‚
691 1192 734 1227 et
756 1197 890 1242 quem
911 1181 1153 1226 tenendum
1177 1182 1446 1242 suscepimus
1461 1217 1472 1238 ‚
1498 1190 1704 1226 constan-

304 1254 467 1299 tissime
493 1253 761 1299 tenuerimus
775 1289 786 1309 ‚
818 1262 1105 1313 perventuros
1128 1268 1205 1313 per
1226 1254 1437 1299 virtutem
1470 1252 1548 1298 Dei
1570 1261 1702 1313 atque

305 1326 560 1385 sapientiam
583 1324 639 1370 ad
660 1340 880 1370 summam
898 1323 1020 1368 illam
1042 1340 1217 1369 causam
1238 1360 1249 1380 ,
1269 1323 1341 1370 vel
1358 1339 1580 1369 summum
1603 1339 1707 1368 auc-

306 1408 447 1443 torem
463 1433 475 1453 ,
505 1397 576 1443 vel
604 1413 826 1442 summum
854 1395 1120 1456 principium
1149 1412 1297 1440 rerum
1319 1397 1519 1441 omnium
1541 1431 1552 1451 ,
1578 1394 1648 1440 vel
1669 1395 1705 1440 si

307 1487 396 1530 quo
428 1469 511 1514 alio
544 1468 676 1514 modo
708 1484 772 1513 res
803 1477 925 1512 tanta
947 1468 1260 1526 congruentius
1289 1466 1499 1528 appellari
1527 1475 1700 1526 potest:

307 1557 396 1602 quo
418 1539 642 1585 intellecto
663 1554 765 1584 vere
786 1537 1032 1584 videbimus
1055 1554 1189 1598 quam
1211 1538 1298 1582 sint
1320 1538 1467 1583 onmia
1499 1538 1581 1582 sub
1613 1536 1704 1582 sole

305 1612 472 1657 vanitas
505 1609 842 1656 vanitantium&
883 1609 1063 1652 Vanitas
1101 1609 1217 1652 enim
1252 1618 1317 1653 est
1345 1607 1542 1665 fallacia,
1578 1607 1705 1654 vani-

307 1691 448 1728 tantes
471 1691 619 1726 autem
638 1678 710 1725 vel
735 1678 834 1725 falsi
854 1713 865 1734 ,
889 1677 961 1723 vel
981 1677 1182 1723 fallentes
1200 1714 1211 1735 ‚
1245 1678 1318 1724 vel
1337 1678 1515 1740 utrique
1537 1677 1702 1724 intelli-

310 1763 491 1815 guntur.
528 1754 651 1798 Licet
671 1761 820 1797 tamen
848 1749 1101 1809 dignoscere
1124 1760 1342 1812 quantum
1371 1751 1485 1796 inter
1514 1752 1627 1807 haec,
1661 1760 1706 1796 et

308 1843 356 1871 ea
387 1842 487 1887 quae
509 1841 610 1870 vere
631 1832 732 1868 sunt
752 1822 910 1878 distet,
938 1831 982 1867 et
1004 1823 1384 1883 quemadmodum
1406 1832 1552 1867 tamen
1572 1823 1704 1867 etiam

307 1898 387 1942 ista
410 1896 555 1941 omnia
576 1899 666 1940 Deo
692 1902 870 1939 auctore
889 1902 1033 1938 creata
1050 1893 1136 1938 sint
1152 1929 1163 1950 ,
1193 1902 1237 1939 et
1266 1894 1312 1938 in
1336 1892 1514 1938 illorum
1531 1909 1706 1954 compa-

307 1969 474 2014 ratione
500 1966 622 2012 nulla
645 1966 760 2020 sint,
785 1981 863 2025 per
893 1980 937 2009 se
958 1973 1106 2009 autem
1129 1964 1402 2009 considerata
1431 1964 1542 2009 mira
1571 1973 1704 2026 atque

307 2039 506 2100 pulchra.
527 2040 649 2082 Tune
668 2051 952 2096 agnoscemus
969 2051 1101 2096 quam
1120 2051 1222 2081 vera
1239 2034 1366 2080 nobis
1380 2033 1598 2079 credenda
1619 2037 1704 2079 im-

309 2120 457 2171 perata
478 2110 580 2165 siut,
595 2123 817 2169 quamque
840 2106 1003 2167 optime
1021 2122 1069 2151 ac
1083 2105 1369 2151 saluberrime
1389 2104 1507 2165 apud
1518 2114 1704 2150 matrem

309 2182 549 2227 Ecclesiam
567 2180 721 2224 nutriti
744 2178 954 2224 fuerimus
971 2214 982 2235 ‚
1009 2193 1164 2239 quaeve
1190 2178 1245 2223 sit
1266 2176 1430 2222 utilitas
1449 2176 1573 2222 lactis
1587 2176 1703 2222 illius

309 2253 431 2315 quod
453 2251 674 2313 apostolus
707 2251 867 2296 Paulus
896 2250 1086 2312 parvulis
1110 2266 1154 2296 se
1180 2259 1336 2311 potum
1361 2249 1530 2294 dedisse
1546 2248 1705 2310 praedi-

310 2326 423 2370 cavit
439 2329 478 2370 ²:
504 2323 625 2385 quod
659 2322 916 2368 alimentum
941 2322 1136 2383 accipere
1156 2337 1258 2366 cum
1281 2321 1378 2383 quis
1398 2330 1537 2365 matre
1557 2320 1703 2365 nutri-

310 2406 404 2452 tur,
429 2394 709 2440 utilissimum
732 2404 822 2454 est3
849 2410 952 2440 cum
981 2396 1073 2456 jam
1097 2392 1269 2454 grandis
1292 2403 1377 2449 est,
1408 2391 1698 2453 pudendum3

310 2484 513 2529 respuere
541 2483 642 2512 cum
664 2482 774 2527 opus
806 2477 892 2525 est,
919 2465 1240 2525 miserandum3
1274 2463 1592 2526 reprehendere
1620 2463 1701 2508 ali-

358 2562 366 2577 ¹
405 2554 527 2587 Eccles
559 2565 590 2595 1,
619 2563 651 2586 ⁴2.
680 2555 729 2587 Ita
753 2553 940 2597 frequenter
965 2554 1054 2587 citat.
1090 2553 1170 2587 Vide
1201 2565 1213 2586 1
1242 2555 1387 2587 Retract.
1408 2557 1441 2587 c„
1464 2562 1527 2594 vn,
1550 2562 1582 2584 n.
1601 2549 1632 2584 3.
1656 2566 1697 2574 ·-

312 2618 325 2634 ²
350 2623 362 2643 1
382 2614 453 2644 Cor.
471 2622 522 2653 111,
544 2620 575 2643 2.
