1888 3168
526 182 652 210 nni-:n
685 181 740 210 DE
774 177 1051 220 ρυΑΝΉΤΑΤΕ
1083 161 1246 209 ANiMAE.
1504 171 1589 211 307

188 265 288 295 rum
325 249 483 309 gratia,
519 248 927 295 animadverterunt
963 246 1088 291 humi
1128 248 1324 307 jacentes
1367 247 1416 292 in
1456 263 1594 309 opaco

186 321 310 380 loco,
351 331 597 384 reptantem
641 318 874 365 bestiolam
915 316 1231 379 multipedem,
1271 318 1457 380 longum
1493 321 1594 367 dico

187 395 429 457 quemdam
464 391 758 440 vermiculum
799 411 810 437 2
850 390 986 451 vulgo
1026 400 1157 436 notus
1194 400 1280 447 est,
1320 392 1405 437 hoc
1442 402 1592 438 tamen

186 466 310 527 quod
324 465 467 512 dicam
479 480 710 526 nunquam
731 464 779 508 in
796 479 849 509 eo
863 472 1067 524 expertus
1091 478 1224 508 eram.
1246 465 1382 508 Verso
1400 480 1594 526 namque

186 538 318 597 stylo,
343 552 477 598 quem
499 534 613 581 forte
630 536 825 581 habebat
843 551 958 580 unus
979 534 1181 592 illorum,
1206 534 1370 580 animal
1395 535 1594 582 medium

185 608 399 670 percussit
423 627 432 654 :
464 616 562 652 tum
593 607 736 652 ambae
767 616 912 669 partes
935 607 1128 667 corporis
1153 607 1210 651 ab
1241 606 1319 651 illo
1344 606 1528 653 vulnere
1549 608 1597 652 in

186 680 406 726 contraria
425 678 739 736 discesserunt,
772 688 895 724 tanta
915 678 1082 740 pedum
1104 677 1326 723 celeritate
1343 714 1354 735 ,
1383 695 1433 724 ac
1454 678 1596 724 nihilo
1636 723 1643 732 ,

185 751 471 797 imbecilliore
488 753 609 808 nisu,
627 767 762 813 quam
780 751 815 796 si
835 750 925 797 duo
949 749 1254 812 hujuscemodi
1272 750 1512 797 animantia
1525 750 1598 796 fo-

184 834 297 869 rent.
323 828 423 880 Quo
447 823 660 870 miraculo
685 824 906 880 exterriti,
933 839 1165 884 causaeque
1187 823 1373 879 curiosi,
1405 822 1462 868 ad
1486 839 1564 869 nos
1580 860 1591 880 ,

184 898 264 943 ubi
285 897 416 942 simul
438 913 521 957 ego
543 906 587 942 et
601 896 786 958 Alypius
805 897 1168 952 considebamus,
1191 895 1391 941 alacriter
1402 897 1598 943 viventia

185 969 324 1016 frusta
356 970 432 1015 illa
470 969 741 1015 detulerunt.
779 973 933 1032 Neque
968 986 1048 1015 nos
1084 985 1242 1030 parum
1277 971 1510 1027 commoti,
1548 987 1600 1016 ea

183 1057 359 1086 currere
395 1043 442 1086 in
474 1040 627 1086 tabula
661 1057 1014 1103 quaquaversum
1045 1051 1252 1102 poterant
1274 1043 1594 1088 cernebamus:

183 1122 318 1174 atque
340 1129 481 1158 unum
503 1114 701 1174 ipsorum
739 1113 853 1172 stylo
884 1123 1075 1169 tactum,
1108 1113 1434 1174 contorquebat
1464 1131 1509 1159 se
1538 1114 1595 1160 ad

183 1183 346 1230 doloris
380 1184 553 1242 locum,
589 1185 700 1230 nihil
732 1185 949 1230 sentiente
982 1185 1090 1241 alio,
1124 1201 1172 1230 ac
1195 1202 1295 1230 suos
1318 1185 1424 1230 alibi
1452 1196 1600 1232 motus

182 1266 440 1318 peragente.
474 1257 593 1312 Quid
618 1257 778 1318 plura?
802 1257 1083 1302 Tentavimus
1105 1267 1323 1318 quatenus
1347 1256 1393 1302 id
1409 1258 1597 1315 valeret,

184 1338 318 1390 atque
343 1329 659 1386 vermiculum,
688 1329 777 1374 imo
799 1330 892 1389 jam
915 1327 1178 1373 vermiculos
1197 1329 1244 1373 in
1266 1328 1426 1374 multas
1455 1340 1602 1390 partes

183 1400 460 1446 concidimus
488 1419 496 1445 :
521 1401 582 1444 ita
606 1415 760 1444 omnes
777 1399 1100 1457 movebantur,
1126 1410 1177 1445 ut
1197 1401 1280 1445 nisi
1298 1418 1321 1446 a
1344 1401 1470 1447 nobis
1486 1402 1601 1448 illud

182 1471 352 1518 factum
375 1481 510 1528 esset,
549 1481 592 1517 et.
625 1481 935 1532 comparerent
965 1472 1150 1518 vulnera
1173 1474 1388 1531 recentia,
1414 1475 1602 1521 totidem

180 1544 278 1591 illos
297 1545 531 1606 separatim
544 1554 692 1601 natos,
711 1561 761 1589 ac
783 1544 865 1589 sibi
888 1560 1112 1607 quemque
1126 1546 1281 1591 vixisse
1299 1546 1595 1595 crederemus.

244 1619 410 1661 LXIII.
452 1615 537 1662 Sed
568 1625 677 1661 tunc
707 1631 787 1675 ego
821 1615 945 1677 quod
976 1615 1061 1661 illis
1094 1616 1446 1665 adolescentibus
1481 1619 1595 1678 dixi,

184 1703 288 1734 cum
304 1686 464 1732 intenti
482 1703 552 1732 me
569 1687 873 1744 intuerentur,
901 1686 983 1732 tibi
1000 1703 1121 1732 nunc
1135 1688 1282 1734 dicere
1301 1705 1455 1736 vereor
1482 1712 1490 1737 2
1504 1693 1600 1753 jam

184 1760 302 1806 enim
323 1768 499 1805 tantum
534 1760 847 1820 processimus,
888 1767 940 1803 ut
967 1759 1050 1804 nisi
1072 1759 1154 1804 tibi
1174 1760 1300 1805 aliter
1331 1763 1598 1824 respondero

182 1831 302 1895 quod
330 1831 576 1878 secundum
606 1847 750 1877 meam
773 1847 951 1877 causam
982 1832 1273 1892 probabiliter
1300 1833 1444 1893 valet,
1471 1846 1594 1884 tanta

182 1914 332 1951 nostra
364 1904 556 1950 intentio
577 1920 656 1965 per
688 1913 780 1949 tam
811 1902 996 1962 longum
1028 1904 1202 1949 munita
1222 1920 1496 1965 sermonem,
1539 1910 1596 1955 ab

182 1993 276 2023 uno
291 1975 534 2023 vermiculo
555 1984 784 2036 penetrata
800 1974 1085 2020 succubuisse
1097 1974 1315 2021 videatur.
1332 1978 1424 2024 Illis
1446 1991 1597 2028 autem

183 2063 500 2110 praeceperam,
516 2057 567 2093 ut
585 2047 631 2091 in
643 2046 818 2102 studiis,
836 2046 963 2092 sicuti
989 2057 1238 2107 coeperant,
1259 2065 1390 2095 suum
1413 2068 1593 2100 cursum

183 2130 415 2179 tenerent,
447 2120 509 2165 ita
530 2136 604 2165 eos
627 2119 920 2180 opportunius
944 2118 1184 2180 aliquando
1202 2119 1259 2165 ad
1287 2125 1525 2183 quaerenda
1549 2137 1594 2173 et

185 2191 395 2238 discenda
407 2191 488 2237 ista
501 2227 512 2248 ,
531 2191 566 2237 si
584 2207 651 2236 res
674 2199 875 2236 moneret
889 2226 900 2247 ,
923 2206 1012 2236 esse
1032 2201 1257 2238 venturos.
1285 2193 1372 2239 Sed
1392 2213 1492 2258 quae
1510 2198 1595 2244 illis

186 2264 514 2311 discedentibus
526 2279 628 2309 cum
644 2263 805 2324 Alypio
821 2263 1136 2309 sermocinatus
1148 2280 1245 2310 sum
1260 2301 1270 2319 ‚
1292 2282 1392 2312 cum
1406 2278 1595 2334 uterque

185 2346 387 2383 nostrum
404 2351 486 2396 pro
497 2351 576 2381 suo
593 2335 779 2397 quisque
793 2333 976 2379 modulo
993 2335 1298 2382 recordaretur
1311 2348 1355 2383 et
1371 2343 1593 2403 conjecta-

185 2417 255 2453 ret
276 2417 320 2453 et
341 2416 558 2469 quaereret
571 2442 583 2463 ‚
610 2408 645 2451 si
662 2421 878 2468 exponere
894 2405 1027 2452 velim
1042 2443 1053 2463 ,
1078 2406 1211 2467 longe
1227 2407 1356 2469 plura
1372 2413 1500 2459 nobis
1523 2414 1592 2461 di-

187 2480 326 2527 cenda
359 2489 484 2536 sunt,
523 2495 658 2541 quam
695 2480 751 2525 ab
794 2480 887 2540 ipso
922 2480 1139 2541 principio
1167 2482 1300 2527 tantis
1329 2485 1591 2548 ambagibus

188 2563 322 2616 atque
350 2551 620 2599 anfractibus
648 2553 763 2598 dicta
784 2561 887 2598 sunt
910 2572 919 2598 :
946 2568 1036 2598 non
1066 2553 1185 2614 apud
1205 2563 1247 2599 te
1265 2564 1413 2602 tamen
1436 2563 1591 2609 tacebo

1308 2630 1375 2671 ΞΟ.
