1888 3168
348 242 367 279 4
378 244 429 279 20
779 253 811 279 5.
852 250 1081 280 Aucusnm
1115 252 1300 280 Emscom

342 333 470 378 pora,
511 326 586 360 aut
624 316 735 371 (luo,
778 326 854 363 aut
877 333 1016 360 111111111
1040 317 1231 361 sileatur.
1262 317 1392 372 Quod
1418 330 1559 363 autem
1583 321 1636 364 de
1658 322 1739 364 1106

345 388 510 432 (lictum
534 397 619 443 est,
646 387 689 432 id
708 398 747 431 et
768 388 810 431 iu
834 388 1024 447 primum
1047 387 1147 431 etin
1170 387 1375 433 ultimum
1390 405 1583 450 paeoncm
1609 390 1738 435 eadit.

343 463 439 504 Jam
457 470 550 520 post
572 459 945 519 palimbacchium
958 458 1029 504 vel
1053 475 1190 503 unam
1213 459 1390 520 longam
1408 460 1478 507 vel
1500 460 1742 522 spondeum

341 530 546 576 collocari
569 530 712 586 decet,
734 531 938 592 quocirca
961 540 1004 575 ct
1023 530 1164 575 inhoc
1181 541 1319 578 metro
1342 544 1413 577 aut
1436 533 1511 577 tria
1531 545 1736 593 tempora,

341 612 417 647 aut
434 618 575 646 uuum
590 601 806 647 silebitur.
824 601 988 646 Eadem
1007 601 1201 648 conditio
1219 613 1283 648 cst
1299 605 1462 664 paeonis
1478 604 1607 648 tertii.
1632 606 1741 649 Sane

339 673 610 735 ubicumque
632 672 872 733 spondeuS,
896 672 955 716 ibi
975 682 1019 717 et
1041 683 1287 734 anapaestus
1305 675 1404 735 jure
1425 675 1618 735 ponitur.
1640 677 1742 719 Post

338 744 575 791 molossum
609 760 712 790 vero
729 780 739 800 ,
780 745 901 805 quod
937 745 992 789 ad
1031 746 1123 805 ejus
1157 745 1314 790 attinet
1347 745 1603 792 divisionem
1617 781 1628 802 ,
1666 754 1742 791 aut

338 833 472 862 unam
494 816 671 874 longam
688 825 737 860 ut
760 825 949 876 quatuor
965 851 976 871 ,
1003 825 1078 860 aut
1092 816 1200 861 duas
1223 816 1426 876 ponimus
1449 826 1499 861 ut
1520 816 1609 862 duo
1630 826 1739 861 tem-

336 905 442 950 pora
463 889 677 933 sileamus.
703 887 787 933 Sed
800 888 1007 949 quoniam
1024 899 1063 932 et
1082 904 1212 933 sensu
1232 898 1274 933 et
1288 889 1454 934 ratione
1469 889 1739 950 exploratum

336 972 419 1015 est,
445 958 636 1004 ordinari
659 975 759 1004 cum
782 974 833 1004 eo
856 974 978 1019 posse
997 975 1143 1004 omnes
1158 975 1311 1004 senum
1326 969 1574 1021 temporum
1587 959 1735 1020 pedes,

336 1032 418 1076 erit
446 1040 543 1091 post
575 1046 677 1075 eum
708 1030 830 1076 106115
869 1040 909 1075 61
945 1031 1116 1087 iambo,
1152 1040 1196 1076 et
1229 1031 1310 1076 tria
1341 1041 1539 1092 tempora
1573 1030 1739 1076 silenda

336 1102 652 1160 remanebunt,
678 1102 759 1146 erit
780 1111 824 1146 et
851 1101 1011 1146 cretico
1038 1111 1081 1146 et
1103 1118 1242 1146 unum
1265 1101 1500 1160 tacebitur,
1524 1102 1606 1147 hac
1629 1117 1736 1147 con-

336 1173 502 1218 ditione
519 1173 601 1218 erit
615 1183 658 1218 et
669 1172 865 1218 bacchio.
884 1176 941 1217 At
964 1173 1056 1217 siin
1073 1172 1182 1218 duas
1201 1174 1352 1219 breves
1369 1173 1555 1234 primam
1573 1173 1734 1229 cretici,

335 1254 380 1289 et
423 1245 662 1290 secundam
693 1244 860 1289 bacchii
896 1243 1172 1300 solverimus,
1208 1245 1289 1288 erit
1317 1253 1360 1288 et
1390 1244 1534 1304 paeoni
1561 1253 1732 1305 quarto.

336 1315 467 1371 Quod
480 1327 622 1361 autem
637 1314 692 1360 de
705 1314 892 1361 molosso
904 1351 915 1371 ,
941 1315 1133 1360 idetiam
1149 1314 1203 1359 de
1217 1316 1385 1361 caeteris
1403 1332 1474 1360 sex
1488 1325 1737 1376 temporum

332 1387 519 1449 pedibus
536 1387 734 1432 dixerim.
759 1389 858 1431 Jam
879 1384 1294 1447 proceleumaticum
1318 1387 1507 1432 arbitror
1532 1386 1589 1431 ad
1603 1395 1737 1431 65616-

336 1476 406 1506 ros
441 1460 518 1521 qui
542 1468 733 1521 quatuor
761 1459 1033 1518 temporibus
1062 1467 1286 1514 constant,
1312 1474 1403 1503 esse
1427 1457 1706 1502 referendum
1724 1494 1734 1514 ‚

334 1531 415 1576 nisi
438 1546 539 1575 cum
563 1539 648 1576 tres
665 1530 816 1575 breves
838 1539 936 1590 post
954 1544 1056 1573 eum
1077 1527 1286 1574 locamus.
1314 1527 1446 1582 Quod
1466 1529 1526 1573 ita
1549 1538 1612 1573 est
1634 1545 1682 1574 ac
1699 1529 1735 1574 si

336 1612 608 1664 anapaestum
629 1601 845 1658 locemus,
865 1610 1044 1662 propter
1066 1600 1266 1645 ultimam
1281 1599 1493 1659 syllabam
1511 1617 1610 1661 quae
1633 1614 1735 1645 cum

335 1673 510 1719 silentio
550 1673 680 1733 longa
715 1672 852 1733 accipi
883 1671 1007 1717 solet.
1046 1671 1191 1716 Primo
1220 1687 1323 1716 vero
1356 1671 1531 1732 epitrito
1564 1672 1734 1717 iambus

333 1755 450 1790 reete
473 1743 778 1805 subjungitur,
804 1752 847 1788 et
877 1742 1085 1787 bacchius
1112 1751 1155 1786 et
1179 1742 1363 1787 creticus
1384 1751 1427 1787 et
1448 1732 1577 1803 paeon
1599 1759 1732 1804 quar-

335 1827 420 1861 tus.
448 1819 542 1861 Hoc
566 1816 734 1860 dictum
763 1814 818 1859 sit
843 1824 886 1858 et
908 1814 962 1858 de
980 1812 1194 1870 secundo,
1229 1823 1279 1858 ut
1307 1824 1503 1875 tempora
1525 1814 1733 1860 sileantur

336 1897 413 1932 aut
435 1896 650 1948 quatuor,
677 1895 753 1930 aut
774 1885 878 1930 duo.
897 1888 1014 1929 Duos
1031 1894 1177 1929 autem
1193 1885 1382 1945 reliquos
1404 1886 1599 1947 epitritos
1616 1895 1732 1930 recte

338 1969 520 2021 possunt
541 1959 750 2019 consequi
788 1958 1006 2018 spondeus
1030 1966 1073 2000 et
1102 1956 1314 2001 molossus
1342 1977 1350 2001 z
1383 1957 1442 2001 ita
1469 1966 1520 2001 ut
1546 1957 1732 2017 primam

335 2032 541 2093 spondei,
568 2041 610 2075 et
632 2034 814 2091 primam
835 2028 903 2074 vel
928 2028 1165 2073 secundam
1187 2029 1360 2073 molossi
1382 2029 1428 2072 in
1451 2029 1558 2073 duas
1579 2029 1731 2074 breves

334 2103 501 2149 solvere
518 2101 645 2148 liceat
672 2121 679 2146 :
711 2116 814 2161 ergo
840 2100 886 2144 in
905 2100 971 2144 his
1003 2101 1152 2144 metris
1186 2109 1262 2144 aut
1284 2101 1364 2145 tria
1397 2109 1594 2159 tempora
1612 2136 1622 2155 ,
1657 2110 1732 2145 aut

334 2191 474 2220 unum
493 2173 721 2219 tacebitur.
750 2171 1024 2231 Dispondeus
1048 2179 1202 2226 restat,
1238 2181 1335 2230 post
1357 2186 1489 2231 quem
1509 2171 1541 2214 si
1570 2187 1729 2230 posue-

334 2248 468 2293 rimus
487 2244 755 2305 spondeum,
782 2252 971 2303 quatuor
992 2252 1185 2301 tempora
1203 2240 1367 2285 silenda
1392 2250 1521 2286 erunt
1546 2261 1554 2285 z
1581 2243 1614 2286 si
1636 2257 1730 2286 mo-

333 2319 495 2364 lossum
512 2353 523 2373 ,
559 2316 669 2371 duo,
707 2323 909 2359 manente
938 2313 1110 2358 licentia
1133 2311 1329 2357 solvendi
1352 2312 1528 2371 longam
1554 2313 1598 2356 in
1622 2313 1729 2358 (luas

334 2391 486 2435 breves
504 2425 514 2445 ,
545 2388 614 2433 vel
636 2388 681 2432 111
704 2385 919 2447 spondeo,
951 2385 1021 2429 vel
1046 2385 1091 2428 111
1119 2383 1305 2429 molosso
1322 2420 1332 2439 ,
1359 2393 1537 2444 excepta
1555 2383 1723 2429 ultima.

337 2463 481 2507 Habes
514 2459 634 2521 quod
678 2475 746 2503 me
781 2472 1003 2502 excurrere
1043 2455 1215 2501 voluisti
1233 2477 1242 2513 3
1291 2455 1371 2500 nisi
1412 2454 1577 2516 aliquid
1615 2455 1727 2500 forte

339 2531 606 2576 emendabis.
