1888 3168
667 185 721 211 DE
752 181 906 210 musica
939 183 1021 210 Lm.
1059 187 1088 210 1.
1481 175 1565 213 333

180 249 315 308 igitur
328 263 393 293 ars
408 248 605 293 imitatio.
627 251 679 294 D.
697 251 791 308 Ego
809 246 967 292 multas
986 257 1095 292 artes
1114 248 1354 294 imitatione
1372 259 1568 295 constare

179 320 284 376 dixi,
305 337 396 366 non
416 321 553 381 ipsam
574 320 862 366 imitationem
885 330 1023 365 artem
1040 321 1206 365 vocavi.
1226 324 1286 365 M.
1306 325 1413 375 Quae
1435 323 1570 382 igitur

179 401 291 437 artes
311 391 554 436 imitatione
571 400 788 447 constant,
811 407 899 436 non
914 406 983 435 eas
1001 405 1148 435 censes
1166 392 1332 435 ratione
1346 395 1569 437 constare?

179 466 231 508 D.
259 466 353 508 Imo
375 472 563 523 utroque
597 472 706 523 puto
738 479 807 508 eas
840 471 1051 508 constare.
1090 466 1151 508 M.
1188 462 1306 508 Nihil
1344 480 1566 523 repugno3

178 533 255 579 sed
282 534 507 579 scientiam
530 534 576 577 in
602 551 692 595 quo
716 534 862 596 ponis,
879 534 925 578 in
946 534 1134 589 ratione,
1161 549 1217 578 an
1234 534 1280 577 111
1299 534 1570 579 imitatione?

177 609 230 650 D.
257 608 314 650 Et
334 605 418 649 1100
443 604 490 648 111
517 614 722 666 utroque.
755 610 814 651 M.
840 609 955 664 Ergo
977 606 1200 650 scientiam
1214 604 1297 649 illis
1320 605 1470 650 avibus
1492 606 1570 650 (la-

177 675 243 720 bis
260 710 271 730 ‚
307 675 467 736 quibus
495 675 788 721 imitationem
810 693 901 722 non
934 675 1099 720 adimis.
1134 679 1186 721 D.
1212 678 1310 721 Non
1332 676 1448 721 dabo
1477 696 1485 721 :
1511 677 1571 722 ita

178 747 295 791 enim
316 745 404 791 dixi
430 747 477 791 in
498 756 687 809 utroque
711 764 800 793 esse
823 748 1068 803 scientiam,
1092 757 1144 792 ut
1159 749 1205 792 in
1218 747 1307 793 sola
1329 748 1570 793 imitatione

177 833 268 863 esse
293 833 382 862 non
408 818 556 878 possit.
582 822 643 864 M.
665 819 804 875 Quid,
826 820 872 864 in
894 819 982 865 sola
1000 821 1168 864 ratione
1190 818 1363 864 videtur
1385 819 1463 863 tibi
1481 835 1571 864 esse

176 892 390 950 posse?D.
407 889 607 935 Videtur.
634 894 695 935 M.
721 890 856 936 Aliud
877 892 1009 950 igitur
1026 901 1153 951 putas
1174 906 1263 935 esse
1276 901 1429 946 artem,
1452 891 1571 935 aliud

170 962 392 1006 scientiam
424 981 431 1006 :
463 961 681 1022 siquidem
701 962 879 1007 scientia
909 972 953 1007 et
983 963 1028 1006 in
1056 962 1146 1007 sola
1182 963 1350 1007 ratione
1376 979 1465 1007 esse
1487 978 1569 1021 po-

170 1041 274 1088 test,
300 1049 366 1077 ars
395 1041 540 1076 autem
568 1031 725 1076 rationi
741 1034 890 1093 jungit
911 1033 1215 1078 imitationem.
1237 1037 1290 1078 D.
1315 1036 1414 1078 Non
1442 1032 1569 1077 video

169 1119 259 1148 esse
282 1119 567 1164 consequens.
594 1106 693 1148 Non
707 1104 825 1148 enim
846 1120 1018 1160 omnes,
1037 1104 1113 1149 sed
1135 1104 1294 1150 multas
1317 1113 1427 1148 artes
1450 1104 1569 1148 dixe-

169 1190 283 1231 ram,
316 1174 446 1219 simul
467 1175 635 1219 ratione
665 1184 797 1235 atque
826 1175 1069 1220 imitatione
1096 1186 1309 1220 constare.
1338 1179 1398 1219 M.
1425 1175 1564 1230 Quid,

168 1246 394 1291 scientiam
418 1246 674 1291 vocabis—ne
696 1246 826 1290 etiam
854 1245 998 1301 iilam,
1031 1262 1129 1306 quae
1154 1247 1221 1290 his
1239 1246 1414 1290 duobus
1437 1244 1567 1290 simul

167 1327 360 1373 constat⁷
387 1334 443 1361 an
462 1318 506 1361 ei
529 1316 666 1362 solam
687 1326 856 1376 partem
890 1317 1067 1360 rationis
1100 1317 1341 1361 attribues?
1364 1321 1415 1361 D.
1447 1316 1565 1370 Quid

166 1389 281 1432 enim
300 1404 370 1432 me
392 1388 600 1447 prohibet
619 1402 775 1432 vocare
794 1386 1019 1431 scientiam
1031 1422 1042 1443 ,
1063 1403 1165 1432 cum
1188 1387 1343 1432 rationi
1361 1386 1427 1447 adj
1435 1387 1565 1446 ungi-

166 1469 238 1504 tur
264 1459 482 1504 imitatio?

225 1532 326 1573 Vll.
362 1532 423 1574 M.
446 1529 665 1582 Quoniam
682 1545 801 1574 nunc
815 1530 981 1587 agimus
1000 1528 1054 1573 de
1066 1529 1289 1574 citharista
1307 1538 1350 1574 et
1368 1529 1562 1584 tibicine,

164 1602 209 1647 id
228 1610 318 1655 est,
339 1600 394 1645 de
415 1601 594 1645 musicis
618 1600 748 1644 rebus
762 1636 772 1655 ‚
796 1600 897 1645 volo
919 1600 1027 1644 mihi
1056 1600 1194 1656 dicas,
1221 1610 1372 1645 utrum
1395 1601 1565 1661 corpori

164 1671 452 1718 tribuendum
474 1672 528 1717 sit
544 1707 554 1727 ,
576 1672 622 1716 id
644 1681 734 1727 est,
756 1671 1125 1731 obtemperationi
1149 1672 1325 1717 cuidam
1339 1673 1532 1733 corporis
1550 1708 1560 1728 ⁷

163 1745 199 1790 si
221 1743 332 1805 quid
361 1743 431 1787 isti
453 1742 652 1787 homines
674 1742 918 1787 imitatione
946 1741 1128 1787 faciunt.
1164 1746 1216 1788 D.
1249 1747 1344 1802 Ego
1372 1745 1499 1788 istam
1522 1753 1566 1788 et

164 1815 311 1861 animo
333 1813 464 1859 simul
486 1823 530 1858 et
551 1813 724 1873 corpori
746 1813 1027 1858 tribuendam
1050 1823 1158 1873 puto
1181 1833 1188 1858 :
1215 1830 1471 1875 quanquam
1492 1813 1562 1858 id-

163 1888 307 1949 ipsum
335 1885 523 1931 verbum
559 1885 660 1929 satis
692 1885 868 1945 proprie
908 1884 984 1929 abs
1020 1894 1063 1928 te
1100 1885 1291 1945 positum
1326 1895 1411 1941 est,
1443 1885 1565 1946 quod

164 1957 590 2018 obtemperationem
618 1955 810 2016 corporis
829 1954 1057 2016 appellasti
1088 1975 1096 2000 :
1123 1972 1214 2000 non
1237 1956 1352 2000 enim
1387 1956 1563 2001 obtem-

164 2044 315 2091 perare
337 2028 420 2072 nisi
442 2027 586 2071 animo
609 2035 767 2086 potest.
790 2029 851 2071 M.
874 2026 1017 2070 Video
1036 2035 1078 2070 te
1095 2027 1340 2071 cautissime
1356 2027 1563 2071 imitatio-

164 2117 266 2145 nem
298 2115 389 2145 non
415 2096 494 2144 soli
518 2098 690 2158 corpori
726 2095 915 2141 voluisse
946 2097 1201 2142 concedere.
1231 2097 1317 2143 Sed
1344 2097 1563 2159 numquid

165 2171 389 2218 scientiam
411 2170 590 2230 negabis
619 2169 676 2214 ad
699 2168 841 2214 solum
865 2169 1060 2214 animum
1090 2170 1335 2230 pertinere?
1367 2173 1418 2215 D.
1456 2170 1561 2223 Quis

165 2245 249 2290 1100
282 2241 534 2302 negaverit?
555 2244 616 2286 M.
643 2239 776 2287 Nullo
812 2239 946 2285 modo
969 2240 1101 2300 igitur
1134 2241 1356 2286 scientiam
1379 2241 1424 2284 in
1446 2241 1560 2285 sonis

166 2331 401 2362 nervorum
428 2323 471 2359 et
498 2314 727 2369 tibiarum,
754 2312 884 2358 simul
906 2322 950 2357 et
970 2313 1127 2358 rationi
1153 2323 1197 2358 et
1225 2313 1458 2358 imitationi
1481 2313 1560 2358 tri-

166 2389 302 2434 buere
327 2387 492 2433 sineris.
512 2385 591 2431 Illa
614 2386 732 2431 enim
752 2386 937 2431 imitatio
956 2402 1047 2431 non
1069 2395 1152 2441 est,
1170 2395 1221 2430 ut
1243 2384 1463 2430 confessus
1486 2401 1529 2429 es
1545 2421 1556 2440 ‚

166 2462 257 2506 sine
291 2475 495 2520 corpore·⁷
526 2458 751 2503 scientiam
784 2473 887 2503 vero
925 2456 1055 2502 solius
1098 2457 1230 2502 animi
1264 2473 1353 2501 esse
1395 2456 1554 2501 dixisti.

166 2537 218 2579 D.
246 2535 309 2577 Ex
327 2531 375 2576 iis
398 2529 599 2592 quidem,
620 2546 718 2591 quae
741 2529 821 2576 tibi
843 2529 1054 2586 concessi,
1080 2528 1218 2575 fateor
1239 2531 1322 2575 hoc
1341 2545 1430 2574 esse
1448 2545 1555 2574 con-
