1888 3168
611 155 736 183 LIBER
768 154 823 182 m:
856 150 1086 181 MAGISTRO.
1469 138 1551 177 555

155 238 210 269 116
242 222 288 268 1(1
314 230 486 267 tantum
508 229 634 282 putet
656 235 745 265 esse
768 219 1018 274 ambulare,
1044 225 1261 279 quantum
1285 230 1365 274 ego
1393 215 1552 260 ambu-

153 296 331 351 lavero?
353 292 477 356 quod
491 293 525 337 si
545 291 791 353 putaverit,
817 288 1058 350 decipietur
1080 309 1088 334 :
1114 288 1309 350 quisquis
1327 287 1443 332 enim
1457 286 1554 348 plus

154 368 354 412 minusve
376 381 509 427 quam
532 380 612 424 ego
636 362 925 408 ambulaverit
939 397 951 418 ,
976 362 1096 406 1111116
1114 361 1188 405 1116
1208 360 1450 405 ambulasse
1464 375 1556 404 non

157 438 455 484 arbitrabitur.
481 439 539 480 Et
561 433 684 496 quod
712 434 767 478 de
793 434 878 478 hoc
908 448 998 478 uno
1023 431 1158 477 verbo
1190 431 1299 486 dixi,
1332 431 1486 475 transit
1510 431 1556 474 in

156 510 303 555 omnia
323 525 423 571 quae
441 508 533 553 sine
556 506 677 566 signo
695 505 927 551 monstrari
948 519 1072 566 posse
1094 518 1421 558 consenseram,
1447 518 1557 564 prae-

156 592 223 627 ter
244 582 334 627 duo
355 580 430 625 illa
451 595 553 641 quae
571 579 833 639 excepimus.

213 654 357 698 XXX.
383 654 498 697 Auo.
520 651 699 712 Accipio
722 649 903 711 quidem
933 648 1051 693 istud
1072 668 1081 694 :
1106 646 1183 693 sed
1211 662 1359 692 nonne
1384 647 1463 691 tibi
1491 646 1558 693 vi-

155 724 286 770 detur
309 723 429 769 aliud
450 739 542 768 esse
562 723 707 784 loqui,
738 721 859 767 aliud
887 721 1079 766 docere?
1101 723 1184 766 An.
1207 719 1394 764 Videtur
1421 734 1523 763 sane
1544 738 1553 765 :

153 813 258 842 nam
290 797 325 842 si
358 806 469 842 esset
489 796 632 852 idem,
658 811 749 841 non
772 794 949 840 doceret
973 795 1205 856 quisquam
1234 793 1317 837 nisi
1339 792 1525 854 loquens
1546 811 1555 838 :

154 885 257 915 cum
279 885 384 915 vero
414 878 459 913 et
481 868 573 913 aliis
596 868 749 928 signis,
773 877 933 928 pi·aeter
949 867 1082 912 verba
1098 902 1108 922 ,
1132 865 1271 910 multa
1293 864 1527 910 doceamus
1543 901 1555 920 ,

154 942 250 1003 quis
273 940 328 985 de
350 941 431 985 ista
455 939 703 984 differentia
733 939 1030 984 dubitaverit?
1053 941 1167 983 Ace.
1194 936 1311 991 Quid
1337 937 1494 981 docere
1516 945 1559 981 et

153 1013 412 1071 significare,
433 1011 619 1056 nihil—ne
632 1012 827 1067 interest,
843 1027 898 1055 an
910 1009 1074 1072 aliquid
1089 1007 1559 1054 (111Υ6111111ΡΑ1).Ι(16111

152 1093 263 1145 puto
286 1099 391 1128 6556.
417 1086 532 1128 Ate.
558 1085 714 1128 Nonne
736 1092 852 1127 recte
869 1082 975 1126 dicit
992 1118 1003 1138 ,
1021 1081 1097 1143 qui
1119 1080 1225 1125 dicit
1245 1080 1343 1125 ideo
1372 1096 1451 1124 nos
1474 1080 1561 1139 sig-

153 1157 332 1202 nificare
366 1165 417 1200 ut
439 1154 807 1200 doceamusPAn.
840 1158 976 1199 Recte
1006 1170 1196 1215 prorsus.
1232 1157 1346 1198 Arc.
1373 1152 1491 1207 Quid
1526 1153 1560 1198 si

153 1227 272 1273 dicat
294 1227 403 1272 alius
419 1263 430 1283 ,
457 1226 556 1271 ideo
579 1242 659 1271 nos
680 1225 838 1271 docere
853 1235 904 1270 ut
923 1226 1217 1285 significemus
1232 1260 1244 1281 ,
1266 1240 1414 1269 nonne
1432 1222 1560 1269 facile

152 1299 377 1360 superiore
407 1298 621 1343 sententia
644 1296 900 1342 refelletur?
922 1300 1005 1341 An.
1045 1300 1111 1341 Ita
1145 1306 1223 1341 est.
1247 1299 1362 1341 Ace.
1389 1297 1431 1341 Si
1455 1311 1559 1356 ergo

152 1372 450 1431 significamus
471 1381 522 1414 ut
544 1369 802 1425 doceamus,
827 1385 919 1414 non
942 1368 1150 1414 docemus
1172 1378 1222 1412 ut
1239 1368 1556 1426 significemus3

154 1442 275 1496 aliud
297 1452 361 1486 est
383 1441 540 1485 docere
554 1477 565 1496 ,
592 1440 713 1485 aliud
734 1441 991 1499 significare.
1017 1443 1102 1485 AD.
1129 1442 1295 1485 Verum
1318 1439 1424 1484 dicis
1441 1476 1452 1496 ,
1477 1456 1560 1486 1166

152 1524 270 1560 recte
291 1513 410 1558 idem
431 1528 523 1557 esse
543 1522 785 1574 utrumque
803 1511 1024 1573 respondi.
1046 1515 1160 1557 Am.
1188 1515 1315 1557 Nunc
1331 1511 1444 1556 illud
1467 1527 1559 1557 res-

152 1584 321 1647 ponde,
346 1593 497 1629 utrum
519 1584 596 1646 qui
624 1582 754 1628 docet
776 1583 885 1644 quid
907 1584 962 1628 sit
989 1582 1167 1639 docere,
1203 1582 1490 1642 significando
1513 1583 1559 1628 id

153 1666 277 1716 agat,
314 1672 370 1700 an
403 1654 542 1699 aliter.
582 1657 664 1700 An.
705 1656 805 1700 Non
837 1653 966 1699 video
997 1653 1221 1715 quomodo
1256 1653 1381 1698 aliter
1402 1655 1553 1714 possit.

151 1732 267 1774 Aue.
299 1727 478 1772 Falsum
505 1735 573 1771 est
605 1726 738 1786 igitur
770 1725 892 1786 quod
925 1725 1057 1786 paulo
1086 1734 1187 1770 ante
1211 1725 1382 1781 dixisti,
1408 1724 1560 1771 doceri

152 1815 246 1845 rem
267 1813 393 1860 posse
418 1798 510 1843 sine
531 1797 663 1857 signis
681 1833 691 1853 ,
729 1813 828 1842 cum
853 1797 1067 1858 quaeritur
1089 1797 1200 1858 quid
1227 1797 1281 1841 sit
1302 1797 1448 1857 ipsum
1476 1796 1558 1843 do-

153 1886 277 1928 cere,
296 1868 476 1932 quando
493 1884 549 1913 ne
569 1869 655 1914 hoc
681 1867 862 1930 quidem
888 1867 1087 1913 videmus
1118 1869 1210 1913 sine
1240 1868 1557 1928 significatione

155 1944 226 2004 agi
242 1958 367 2004 posse
383 1978 395 1998 ,
420 1958 522 1987 cum
541 1940 662 1986 aliud
673 1956 764 1986 esse
781 1941 1022 2000 significare
1033 1977 1044 1997 ,
1070 1940 1191 1986 aliud
1208 1940 1366 1986 docere
1379 1957 1558 1987 conces-

155 2015 273 2060 seris.
302 2014 346 2060 Si
367 2013 484 2058 enim
503 2011 670 2057 diversa
695 2021 819 2068 sunt,
837 2012 950 2057 sicut
971 2021 1174 2073 apparet,
1204 2028 1349 2073 neque
1371 2013 1457 2058 1106
1475 2014 1557 2058 11151

155 2103 233 2148 per
254 2085 367 2131 illud
389 2085 636 2131 ostenditur
650 2121 661 2141 ,
687 2100 777 2129 non
800 2100 877 2145 per
899 2100 943 2129 se
970 2084 1126 2146 utique
1148 2083 1393 2129 ostenditur
1409 2121 1420 2141 ,
1445 2085 1557 2130 sicut

155 2160 234 2204 tibi
262 2159 405 2204 visum
427 2167 532 2203 erat.
571 2157 871 2212 Quamobrem
893 2156 1005 2201 nihil
1027 2157 1171 2202 adhuc
1209 2157 1442 2202 inventum
1465 2167 1529 2202 est
1543 2194 1554 2214 ,

157 2231 277 2291 quod
304 2230 536 2275 monstrari
552 2246 631 2291 per
667 2245 710 2274 56
738 2230 881 2289 ipsum
907 2238 1042 2290 queat
1062 2239 1221 2289 praeter
1250 2229 1520 2274 locutionem
1541 2266 1552 2286 ,

157 2320 257 2365 quae
279 2303 393 2347 inter
415 2302 497 2346 alia
514 2318 557 2347 se
575 2317 752 2363 quoque
770 2302 982 2360 significat
997 2321 1005 2347 :
1022 2318 1122 2362 quae
1143 2311 1287 2346 tamen
1303 2317 1406 2346 cum
1423 2301 1556 2346 etiam

157 2376 250 2436 ipsa
277 2375 452 2434 signum
482 2374 557 2429 sit,
582 2373 782 2418 nondum
804 2389 979 2433 prorsus
1011 2382 1127 2418 extat
1159 2372 1281 2434 quod
1305 2373 1397 2418 sine
1426 2373 1556 2431 signis

160 2447 306 2492 doceri
329 2462 453 2507 posse
474 2446 689 2491 videatur.
717 2449 799 2490 AD.
825 2445 943 2491 Nihil
965 2446 1107 2490 habeo
1122 2462 1200 2490 cur
1216 2462 1307 2490 non
1330 2445 1550 2490 assentiar.

218 2520 384 2563 XXXI.
419 2521 532 2564 Am.
559 2517 824 2564 Confectum
846 2527 910 2563 est
929 2517 1064 2577 igitur
1085 2526 1128 2562 61
1149 2517 1256 2562 1111111
1296 2517 1388 2562 51116
1424 2515 1556 2575 signis
