1852 3163
246 234 262 267 1
273 228 327 268 04
674 239 706 266 s.
744 240 971 268 Avovs‘rxm
1007 241 1186 272 Emscorx

240 304 697 351 videbatArehesilam
721 321 809 349 non
830 305 1103 351 mediocriter
1121 304 1403 362 infamatum,
1426 305 1628 367 deposuit

241 392 297 421 ne
319 385 470 421 contra
493 376 638 421 omnia
658 374 770 421 velle
788 375 931 421 dicere
951 377 1074 438 quasi
1094 377 1392 423 ostentationis
1416 392 1547 422 causa
1569 377 1631 422 vi-

243 447 533 505 deretur3sed
549 447 663 508 ipsos
686 447 858 507 proprie
876 446 958 492 sibi
979 450 1162 503 Stoi'cos,
1179 458 1309 511 atque
1330 448 1629 510 Chrysippum

243 518 551 565 convellendos
578 518 924 580 evertendosque
948 519 1193 581 proposuit.

240 690 305 707 tm}
312 689 378 706 ΒἿΛΑ
383 689 735 707 δἏΜἊἏΑΝΜΊΛΜ
739 690 805 707 Μὶν
810 690 997 708 mmmm
1002 689 1233 714 WSWWWUM
1237 687 1588 708 WWWWWWVVWWW
1593 692 1624 708 ν·

721 836 935 888 CAPUT
971 838 1156 886 XVIII.

323 993 576 1058 Quomodo
594 992 847 1056 probabile
870 991 1117 1041 inductam
1138 992 1203 1041 ab
1230 992 1558 1042 Academicis.

307 1145 401 1188 XL.
429 1146 600 1188 Di-:mnn
623 1157 725 1187 cum
747 1141 944 1202 undique
969 1150 1255 1202 premeretur,
1276 1141 1310 1186 si
1326 1140 1437 1185 nulli
1452 1141 1512 1186 rei
1525 1149 1636 1186 esset

247 1231 464 1271 assensus,
494 1213 604 1259 nihil
626 1223 827 1259 acturum
844 1228 935 1257 esse
953 1213 1194 1273 sapientem
1218 1215 1234 1271 (
1256 1228 1282 1257 o
1303 1212 1529 1257 hominem
1551 1212 1636 1257 mi-

246 1303 347 1332 rum
372 1295 503 1347 atque
532 1285 641 1330 adeo
661 1300 751 1330 non
773 1284 954 1339 mirum,
984 1283 1039 1328 ab
1063 1284 1164 1344 ipsis
1182 1283 1299 1328 enim
1321 1282 1512 1328 Platonis
1534 1282 1637 1328 fon-

249 1358 367 1403 tibus
395 1355 677 1418 profluebat)
712 1355 899 1399 attendit
929 1354 1145 1415 sapienter
1177 1353 1328 1415 quales
1358 1353 1421 1398 illi
1447 1354 1637 1399 actiones

247 1429 508 1490 probarent,
537 1442 693 1487 easque
707 1425 850 1471 nescio
865 1441 1053 1487 quarum
1068 1440 1269 1471 verarum
1292 1423 1452 1470 similes
1465 1425 1634 1481 videns,

245 1501 293 1546 id
326 1498 448 1561 quod
478 1499 524 1542 in
550 1496 820 1542 boemundo
838 1533 848 1553 ,
883 1496 939 1542 ad
969 1496 1187 1556 agendum
1211 1505 1491 1557 sequeretur,
1521 1496 1637 1541 veri-

249 1571 388 1617 simile
410 1570 666 1615 nominavit.
699 1569 781 1614 Cui
808 1569 923 1613 enim
957 1578 1065 1613 esset
1090 1567 1228 1613 simile
1256 1577 1299 1612 et
1324 1567 1462 1628 perite
1489 1577 1636 1624 norat,

249 1654 294 1689 et
316 1643 555 1703 prudenter
575 1641 771 1700 tegebat,
802 1640 936 1701 idque
964 1641 1094 1685 etiam
1116 1638 1345 1700 probabile
1371 1639 1636 1700 appellabat.

251 1715 416 1761 Probat
463 1712 579 1757 enim
627 1712 738 1756 bene
783 1712 1042 1771 imaginem,
1086 1711 1281 1773 quisquis
1317 1712 1407 1771 ejus
1445 1710 1641 1755 intuetur

249 1785 515 1845 exemplum.
551 1783 785 1838 Quomodo
814 1783 931 1827 enim
965 1783 1180 1842 approbat
1207 1782 1397 1841 sapiens,
1423 1790 1498 1826 aut
1529 1797 1642 1842 quo-

250 1855 384 1902 modo
419 1854 557 1900 simile
591 1854 790 1914 sequitur
820 1853 933 1908 veri,
971 1867 1072 1897 cum
1103 1853 1246 1912 ipsum
1274 1866 1425 1897 verum
1453 1852 1564 1912 quid
1588 1852 1643 1898 sit

250 1929 449 1987 ignoret?
471 1929 586 1984 Ergo
610 1924 672 1969 illi
690 1933 870 1979 norant,
898 1932 941 1967 et
963 1922 1269 1983 approbabant
1288 1921 1396 1969 falsa
1412 1922 1458 1966 in
1479 1922 1642 1983 quibus

249 1998 541 2043 imitationem
587 1994 855 2040 laudabilem
893 2009 1039 2038 rerum
1083 2008 1286 2038 verarum
1319 1992 1642 2038 animadverte-

252 2070 406 2114 bant¹.
435 2068 519 2114 Sed
551 2067 654 2128 quia
681 2067 766 2111 hoc
800 2075 1013 2127 tanquam
1043 2063 1236 2126 profanis
1259 2079 1339 2109 nec
1363 2062 1426 2108 fas
1442 2099 1453 2119 ,
1479 2079 1559 2109 nec
1581 2063 1642 2109 fa-

252 2141 334 2186 cile
357 2150 448 2184 erat
476 2137 728 2193 ostendere,
761 2137 1033 2198 reliquerunt
1053 2136 1260 2196 posteris,
1297 2145 1341 2181 et
1373 2136 1533 2197 quibus
1564 2135 1642 2181 illo

253 2223 448 2272 tempore
466 2219 720 2272 potuerunt,
742 2210 915 2269 signum
929 2208 1154 2270 quoddam
1172 2209 1397 2255 sententiae
1415 2224 1520 2254 suae.
1539 2207 1642 2253 Illos

252 2293 399 2327 autem
426 2282 538 2326 bene
560 2280 808 2326 dialecticos
830 2280 885 2324 de
906 2280 1049 2325 verbis
1072 2280 1549 2340 movere'quaestionem
1571 2279 1641 2324 in-

251 2353 459 2398 sultantes
478 2351 793 2412 irridentesque
813 2351 1121 2411 prohibebant.
1150 2350 1218 2394 Ob
1246 2351 1330 2395 hoc
1354 2349 1513 2395 dicitur
1534 2352 1640 2395 Car-

252 2423 410 2469 neades
453 2424 582 2468 etiam
617 2422 754 2468 tertiae
790 2421 1036 2468 Academiae
1077 2421 1277 2483 princ-eps
1314 2430 1445 2482 atque
1487 2429 1639 2467 auctor

256 2498 402 2542 fuisse.

306 2624 313 2638 ¹
336 2628 346 2648 1
370 2618 512 2649 Retract.
533 2626 604 2658 cap.
630 2626 658 2657 ι,
675 2626 705 2646 n.
728 2614 758 2656 ἧ.
