1888 3168
654 197 707 225 DE
742 195 896 224 MUSICA
931 196 1013 224 Lm.
1048 193 1091 223 v.
1486 183 1569 224 459

176 263 514 319 connexionem,
530 262 653 323 cujus
673 260 924 322 exemplum
945 269 1031 307 cst:
1061 259 1115 308 V
1115 263 1159 308 e'r
1174 263 1381 322 optimus
1404 260 1571 309 beatus

178 334 258 382 ille
284 337 370 395 qui
384 332 559 396 procul
577 335 785 397 negotio.
813 336 864 380 D.
890 332 1047 379 Facilis
1069 343 1135 379 est
1155 334 1336 394 cognitu
1354 334 1434 380 ista
1463 351 1571 381 con-

177 407 405 468 gruentia:
435 406 632 467 superius
661 406 781 452 enim
812 404 1063 450 membrum
1092 405 1140 450 in
1159 414 1351 466 quatuor
1371 416 1416 451 et
1436 406 1570 468 quin-

175 495 279 542 que,
299 478 512 540 posterius
529 478 575 523 in
591 487 677 524 tres
695 487 739 524 et
753 486 944 540 quatuor
961 475 1202 538 semipedes
1219 476 1447 523 dividitur.
1468 482 1571 524 Pars

175 566 278 611 ergo
300 549 533 611 superioris
554 550 697 595 minor
719 565 822 596 cum
851 559 976 610 parte
997 548 1247 611 posterioris
1271 550 1436 612 majore
1462 566 1571 597 con-

170 625 348 685 juncta,
374 621 650 668 octonarium
684 637 919 668 numerum
944 621 1051 668 facit
1071 641 1080 668 2
1105 630 1150 667 et
1169 622 1310 683 major
1338 622 1571 683 superioris

174 710 276 740 cum
297 694 467 740 minore
487 694 759 754 posterioris,
783 694 891 740 item
911 694 1188 740 octonarium
1208 713 1217 740 z
1242 709 1345 738 nam
1366 693 1441 739 illa
1464 710 1571 740 con-

169 766 340 828 junctio
362 774 426 810 est
443 774 635 827 quatuor
656 774 701 811 et
721 776 927 827 quatuor,
950 766 1032 812 ista
1051 765 1251 827 quinque
1273 773 1318 810 et
1339 774 1425 810 tres
1447 769 1571 811 semi-

173 836 322 898 pedes.
349 840 448 883 Huc
469 836 658 893 accedit,
683 836 804 899 quod
826 838 1024 899 quinque
1044 837 1092 882 in
1108 836 1198 883 duo
1220 846 1264 883 et
1279 846 1367 883 tres
1384 839 1571 899 semipe-

171 908 272 966 des,
297 918 383 955 tres
404 918 551 955 autem
574 908 620 954 in
641 908 732 954 duo
754 918 799 955 et
818 923 962 955 unum
983 909 1018 954 si
1038 908 1253 966 diviseris,
1285 918 1468 970 apparet
1488 909 1570 955 alia

171 980 477 1027 convenientia
499 979 691 1026 duorum
713 996 815 1027 cum
837 979 1036 1037 duobus,
1059 989 1103 1026 et
1123 980 1253 1027 unius
1283 995 1386 1026 cum
1405 981 1568 1037 tribus,

171 1054 275 1114 quia
296 1068 438 1098 unum
466 1068 570 1098 cum
598 1053 804 1098 omnibus
840 1053 1034 1099 numeris
1071 1054 1269 1115 superius
1302 1068 1572 1100 commemo-

171 1134 264 1170 rata
286 1124 384 1185 lege
405 1123 647 1171 confertur.
677 1124 763 1171 Sed
795 1124 971 1170 nisime
996 1125 1108 1171 ratio
1138 1124 1277 1182 fallit,
1298 1125 1410 1171 nihil
1439 1136 1572 1172 restat

170 1196 356 1243 ulterius
383 1196 506 1259 quod
534 1196 589 1243 de
619 1198 920 1243 membrorum
952 1198 1232 1259 copulatione
1266 1198 1568 1260 requiramus:

165 1270 257 1331 jam
281 1269 399 1314 enim
420 1268 476 1314 ad
497 1279 598 1315 octo
619 1279 882 1330 perventum
909 1277 975 1315 est
1004 1269 1159 1330 pedes,
1180 1285 1314 1332 quem
1335 1286 1571 1316 numerum

168 1340 335 1396 versui,
371 1340 486 1386 sicut
520 1340 622 1386 satis
657 1341 965 1401 cognovimus,
1012 1357 1104 1387 non
1137 1340 1202 1387 sas
1241 1351 1306 1387 est
1342 1342 1567 1388 excedere.

170 1415 315 1466 Quare
329 1413 422 1472 jam
439 1427 519 1472 age
540 1411 615 1457 illa
632 1414 904 1459 senariorum
925 1428 1135 1458 versuum
1149 1414 1317 1459 heroici
1330 1423 1375 1458 et
1391 1414 1569 1459 iambici

169 1483 239 1529 vel
255 1483 483 1540 trochaici,
501 1500 591 1544 quo
610 1484 903 1531 intentionem
916 1500 1061 1530 meam
1073 1494 1117 1530 et
1134 1486 1332 1532 excitasti
1358 1495 1402 1531 ct
1424 1485 1571 1531 distu-

168 1555 278 1612 listi,
303 1554 448 1616 pande
468 1565 647 1601 secreta.

173 1704 213 1720 Μ
217 1704 712 1722 mmmmmmwm
716 1705 1212 1724 WMMRWWRAWW!
1216 1707 1568 1725 mmmmm&

700 1790 931 1867 CAPUT
956 1819 1021 1866 X.

168 1936 246 1983 De
278 1937 581 1983 senariorum
603 1954 826 1984 versumn
855 1938 1169 1986 e.reellentz'a:
1194 1956 1274 1987 eos
1296 1939 1569 1989 decentissi-

256 2025 359 2054 mos
382 2025 605 2067 nonesse,
635 2012 730 2056 nisi
747 2010 826 2057 vel
845 2012 1028 2058 heroici
1052 2014 1146 2059 sinc
1167 2012 1246 2060 vel
1256 2013 1467 2061 iambici.

227 2137 326 2179 XX.
347 2138 409 2180 M.
438 2138 625 2192 Ficum,
657 2137 745 2182 imo
779 2136 910 2183 saciet
943 2139 1034 2199 ipsa
1058 2141 1190 2197 ratio,
1215 2157 1316 2202 quae
1338 2143 1446 2187 mihi
1466 2144 1568 2188 tibi-

155 2222 255 2274 vque
277 2208 524 2253 communis
547 2217 626 2253 est.
656 2208 742 2254 Sed
770 2210 1089 2257 meministi-ne
1104 2248 1114 2268 ,
1140 2229 1314 2274 quaeso,
1335 2230 1437 2260 cum
1470 2232 1570 2276 age-

168 2294 314 2323 remus
351 2278 406 2323 de
441 2281 612 2336 metris,
639 2280 793 2325 dixisse
831 2297 911 2327 nos
948 2292 992 2327 et
1028 2284 1122 2345 ipso
1158 2301 1287 2331 sensu
1326 2285 1566 2333 admodum

168 2350 391 2411 probasse,
408 2350 503 2396 illos
521 2353 654 2412 pedes
669 2369 859 2414 quorum
876 2364 1019 2415 partes
1036 2356 1090 2401 ad
1104 2372 1257 2419 sesqua
1277 2360 1562 2417 conveniunt,

168 2424 256 2468 sive
281 2424 326 2467 in
349 2423 524 2470 duobus
545 2434 588 2470 et
609 2426 772 2483 tribus,
792 2436 843 2472 ut
868 2437 932 2472 est
951 2430 1135 2475 creticus
1164 2431 1235 2476 vel
1256 2447 1452 2492 paeones,
1478 2434 1566 2478 sive

170 2496 214 2539 in
238 2495 378 2540 tribus
394 2506 438 2542 et
458 2506 666 2556 quatuor,
687 2508 738 2543 ut
759 2499 945 2560 epitriti,
967 2501 1161 2548 exclusos
1182 2520 1205 2548 a
1231 2505 1370 2564 poetis
1385 2514 1564 2566 propter

168 2566 349 2612 minoris
386 2569 624 2615 venustatis
661 2586 841 2627 sonum,
868 2571 1021 2618 solutae
1056 2575 1260 2621 orationis
1293 2577 1562 2622 severitatem
