1852 3163
513 231 676 258 CONTRA
709 230 968 258 ACADEanos
1001 232 1126 258 LIBER
1160 231 1223 256 111.
1511 217 1562 254 87

177 313 322 353 suam,
348 297 421 342 sed
445 298 490 341 in
512 297 674 342 alienos
697 296 854 341 limites
873 297 1033 357 passim
1051 304 1207 356 sponte
1226 294 1444 339 declinare
1465 309 1567 354 per-

175 369 330 425 mittit,
365 377 509 414 totum
535 368 851 428 patrimonium
873 368 1004 412 etiam
1023 382 1102 428 per
1134 365 1279 427 jurgia
1321 364 1564 425 dissipavit.

176 443 271 486 Hoc
298 456 402 485 vero
436 438 546 483 nihil
574 439 631 484 ad
664 455 734 483 mc
774 439 945 484 attinet.
989 438 1033 484 Si
1069 437 1187 481 enim
1220 435 1276 480 ad
1313 436 1569 496 sapientiam

174 511 368 572 pertinet
388 511 550 554 horum
571 509 742 571 aliquid
759 511 866 555 scire
878 546 889 566 ,
909 509 956 554 id
972 525 1062 554 non
1081 516 1226 569 potest
1240 506 1374 551 latere
1396 507 1570 567 sapien-

178 592 284 645 tem.
323 581 367 627 Si
400 590 549 625 autem
585 580 707 626 aliud
741 581 953 642 quiddam
982 589 1046 625 est
1067 579 1278 640 sapientia
1307 614 1317 634 ‚
1339 577 1461 622 illam
1491 579 1573 624 scit

174 653 366 713 sapiens,
405 653 486 698 ista
507 652 764 697 contemnit.
789 655 953 696 Tamen
975 666 1054 710 ego
1077 651 1152 711 qui
1175 649 1305 708 longe
1322 650 1467 694 adhuc
1489 649 1572 694 ab-

173 741 271 770 sum
293 724 363 770 vel
385 741 409 770 a
428 724 651 770 vicinitate
685 725 910 785 sapientis,
950 725 997 769 in
1031 724 1122 768 istis
1153 722 1345 784 physicis
1367 721 1575 767 nonnihil

173 797 277 842 scio.
299 798 481 842 Certum
510 796 625 840 enim
648 797 815 852 habeo,
843 805 918 841 aut
940 811 1082 841 unum
1119 811 1209 840 esse
1230 794 1472 850 mundum,
1498 802 1576 839 aut

173 885 264 914 non
281 884 422 913 unum
444 878 488 913 et
509 871 652 913 sinon
674 884 837 924 unum,
862 878 938 913 aut
955 867 1069 912 finiti
1085 866 1278 922 numeri,
1299 875 1376 910 aut
1391 866 1568 910 infiniti.

173 943 306 986 Istam
342 941 603 986 sententiam
639 939 888 986 Carneades
923 939 1032 985 false
1067 955 1158 984 esse
1193 937 1379 982 similem
1400 936 1571 983 doceat.

174 1016 287 1057 Item
306 1013 396 1058 scio
413 1011 631 1056 mundum
648 1012 781 1056 istum
803 1021 1004 1057 nostrum
1016 1047 1027 1068 ‚
1049 1020 1126 1055 aut
1145 1019 1303 1055 natura
1319 1025 1573 1069 corporum,

172 1094 248 1130 aut
284 1084 440 1146 aliqua
462 1084 742 1145 providentia
766 1084 826 1129 sic
855 1100 945 1129 esse
988 1083 1272 1144 dispositum3
1294 1097 1486 1142 eumque
1502 1090 1579 1127 aut

171 1171 343 1216 semper
366 1154 499 1200 fuisse
518 1164 562 1200 et
581 1155 692 1211 fore,
713 1164 790 1200 aut
807 1155 990 1216 coepisse
1011 1170 1102 1199 esse
1116 1153 1297 1198 minime
1309 1153 1577 1214 desiturum3

173 1236 251 1272 aut
280 1236 428 1272 ortum
460 1242 512 1270 ex
543 1235 742 1287 tempore
775 1242 866 1271 non
888 1226 1072 1281 habere,
1098 1223 1175 1269 sed
1200 1224 1458 1269 habiturum
1481 1239 1573 1270 esse

175 1298 334 1356 finem3
354 1306 431 1341 aut
452 1306 496 1341 et
511 1313 690 1342 manere
707 1298 888 1358 coepisse
900 1333 911 1353 ‚
933 1306 978 1341 et
998 1312 1090 1341 non
1105 1304 1320 1356 perpetuo
1342 1310 1432 1340 esse
1448 1311 1578 1341 man·-

175 1386 350 1416 surum:
375 1379 419 1415 et
448 1368 785 1414 innumerabilia
807 1369 989 1430 physica
1019 1369 1105 1413 hoc
1134 1367 1268 1413 modo
1302 1368 1425 1413 novi.
1462 1371 1577 1415 Vera

171 1442 289 1493 enim
311 1442 392 1488 ista
413 1451 517 1487 sunt
548 1441 789 1504 disjuncta,
815 1458 897 1487 nec
919 1440 1207 1487 similitudine
1231 1439 1378 1502 aliqua
1401 1439 1498 1486 salsi
1520 1458 1571 1488 ea

169 1524 316 1576 potest
349 1515 585 1576 quisquam
620 1513 909 1560 confundere.
954 1513 1040 1560 Sed
1077 1529 1246 1559 assume
1287 1512 1477 1575 aliquid3
1508 1515 1570 1560 ait

171 1586 476 1633 Academicus:
493 1585 621 1632 Nolo.
637 1589 748 1632 Nam
760 1587 845 1632 hoc
855 1595 919 1631 est
931 1586 1091 1632 dicere:
1109 1586 1328 1647 Relinque
1343 1586 1465 1647 quod
1476 1587 1573 1643 scis,

171 1658 242 1702 dic
260 1657 381 1718 quod
399 1659 552 1702 nescis.
573 1657 658 1703 Sed
674 1657 838 1718 pendet
855 1658 1086 1702 sententia.
1107 1656 1264 1702 Melius
1278 1666 1395 1701 certe
1413 1657 1578 1717 pendet

171 1745 305 1790 quam
328 1727 468 1774 cadit:
493 1745 652 1790 nempe
675 1729 806 1790 plana
824 1739 912 1789 est3
932 1744 1092 1790 nempe
1103 1730 1195 1790 jam
1210 1738 1355 1790 potest
1371 1738 1448 1774 aut
1470 1728 1578 1775 falsa

174 1810 251 1845 aut
271 1815 374 1844 vera
396 1800 630 1844 nominari.
657 1803 782 1846 Hanc
805 1817 910 1861 ergo
933 1817 1003 1845 me
1040 1801 1148 1845 scire
1184 1800 1298 1846 dico.
1325 1803 1391 1845 Tu
1409 1801 1484 1862 qui
1497 1817 1579 1846 nec

172 1871 229 1917 ad
249 1871 576 1932 philosophiam
597 1872 818 1933 pertinere
839 1873 920 1918 ista
939 1888 1093 1933 negas,
1122 1882 1167 1918 et
1182 1889 1335 1918 eorum
1350 1873 1448 1918 sciri
1469 1872 1582 1919 nihil

171 1959 297 2005 posse
314 1944 486 2000 asseris,
515 1944 696 1990 ostende
719 1961 790 1991 me
817 1946 899 1990 ista
929 1946 1119 1991 nescire:
1145 1945 1215 1991 dic
1244 1946 1344 1992 istas
1378 1945 1580 2009 disjunc-

172 2016 311 2060 tiones
333 2024 409 2060 aut
431 2015 560 2061 falsas
588 2032 701 2073 esse,
739 2027 816 2062 aut
838 2017 1007 2079 aliquid
1028 2033 1262 2074 commune
1277 2018 1442 2064 habere
1473 2033 1577 2064 cum

173 2086 304 2143 falso,
323 2103 403 2148 per
415 2087 538 2149 quod
558 2087 746 2134 discerni
772 2090 954 2135 omnino
973 2105 1063 2135 non
1082 2090 1263 2151 possint.
