1888 3168
280 196 362 236 532
731 208 762 234 s.
800 203 1027 235 Accus'mm
1061 209 1239 236 nmscom

273 290 369 320 sum
407 273 667 333 pertineant.
707 275 788 316 An.
831 271 900 318 Ad
934 273 1148 318 auditum.
1192 276 1305 318 Am.
1339 273 1454 327 Quid
1483 276 1656 333 gestus?

276 349 356 389 An.
378 343 448 388 Ad
469 344 624 388 visum.
651 346 764 388 Arc„
791 343 907 398 Quid
934 360 1035 390 cum
1057 344 1187 390 verba
1205 345 1361 405 scripta
1383 345 1627 389 invenimus
1643 379 1654 399 ,

275 430 382 458 num
414 414 547 459 verba
580 429 670 459 non
691 416 819 459 sunt?
841 418 909 459 An
931 415 1053 474 signa
1075 415 1309 460 verborum
1331 416 1472 461 verius
1494 413 1657 459 intelli-

275 487 461 542 guntur?
484 487 541 529 Ut
571 485 755 529 verbum
780 485 834 530 sit
859 485 981 546 quod
1002 501 1103 530 cum
1123 485 1267 547 aliquo
1289 486 1534 545 significatu
1556 485 1659 530 arti-

273 556 417 600 culata
443 571 550 601 voce
572 554 820 615 profertur·7
845 571 928 600 vox
952 565 1097 601 autem
1126 556 1249 602 nullo
1271 557 1355 602 alio
1377 572 1505 602 sensu
1527 572 1659 617 quam

273 627 426 671 auditu
455 627 616 687 percipi
648 636 791 687 potest
815 645 823 671 :
854 627 912 671 ita
936 627 984 671 fit
1021 636 1070 671 ut
1097 643 1199 672 cum
1219 627 1424 672 scribitur
1444 628 1629 673 verbum
1645 661 1656 682 ,

270 698 444 756 signum
466 699 540 742 fiat
563 698 719 753 oculis,
747 714 835 759 quo
858 697 968 742 illud
991 698 1111 759 quod
1134 698 1189 744 ad
1212 715 1334 744 aures
1356 699 1564 759 pertinet,
1589 714 1661 743 ve-

271 770 362 814 niat
383 770 429 814 in
451 779 660 814 mentem.
698 772 780 813 An.
807 769 998 814 Omnino
1021 770 1242 815 assentior.
1269 773 1381 815 Auo.
1409 769 1461 814 Id
1482 785 1660 831 quoque

271 850 314 885 te
343 841 530 886 arbitror
562 839 785 895 assentiri,
818 855 920 884 cum
958 840 1168 897 dicimus,
1206 857 1387 897 nomen,
1421 841 1660 900 significare

270 927 348 957 nos
372 911 553 973 aliquid.
579 915 661 957 An.
689 913 853 955 Verum
883 921 960 956 cst.
987 915 1101 957 Aue.
1128 911 1246 965 Quid
1274 911 1482 957 tandem?
1504 915 1585 956 An.
1609 910 1662 956 Id

270 983 433 1029 scilicet
450 984 572 1044 quod
594 982 794 1044 quidque
816 982 1084 1043 appellatur,
1105 982 1226 1028 velut
1241 982 1477 1040 Romulus,
1502 985 1658 1038 Roma,

270 1055 407 1100 virtus
424 1090 435 1111 ,
462 1054 622 1100 fluvius
638 1090 648 1110 ,
678 1063 721 1098 et
749 1054 1084 1099 innumerabilia
1111 1064 1282 1099 caetera.
1308 1058 1421 1100 Aue.
1446 1057 1562 1101 Num
1583 1054 1663 1099 ista

272 1137 463 1188 quatuor
482 1127 660 1172 nomina
681 1125 825 1171 nullas
847 1142 913 1171 res
935 1127 1210 1186 significant?
1241 1128 1322 1171 An.
1350 1129 1444 1171 Imo
1477 1125 1658 1187 aliquas,

273 1202 387 1243 Ave.
409 1200 526 1243 Num
549 1195 658 1241 nihil
681 1196 812 1242 distat
832 1197 946 1241 inter
966 1197 1060 1241 haec
1083 1197 1259 1241 nomina
1274 1231 1285 1252 ,
1310 1205 1354 1240 et
1375 1211 1444 1240 cas
1468 1211 1534 1240 res
1563 1211 1663 1256 quae

273 1269 338 1313 his
367 1268 697 1328 significantur?
729 1270 811 1312 AD.
841 1270 935 1312 Imo
958 1267 1213 1327 plurimum.
1239 1271 1353 1313 Auo.
1381 1267 1552 1311 Vellem
1589 1267 1664 1311 abs

274 1350 316 1385 tc
349 1339 522 1395 audire,
558 1338 771 1400 quidnam
794 1338 840 1383 id
861 1339 929 1383 sit.
957 1342 1038 1383 AD.
1066 1341 1160 1384 Hoc
1188 1338 1258 1384 vel
1280 1338 1513 1399 imprimis,
1542 1337 1664 1399 quod

272 1412 367 1456 haec
384 1410 505 1470 signa
526 1419 644 1465 sunt,
667 1408 743 1454 illa
765 1424 856 1454 non
877 1418 994 1454 sunt.
1020 1412 1134 1454 Auo.
1157 1408 1382 1453 Placet—ne
1396 1408 1664 1469 appellemus

272 1481 576 1542 significabilia
594 1496 643 1525 ea
660 1495 760 1540 quae
774 1480 906 1538 signis
928 1480 1159 1538 significari
1172 1488 1352 1539 possunt
1374 1488 1417 1523 et
1438 1479 1558 1538 signa
1573 1494 1664 1524 non

274 1563 377 1601 sunt
393 1589 404 1609 ,
429 1554 540 1598 sicut
561 1568 611 1597 ea
639 1567 738 1612 quae
766 1551 905 1595 videri
924 1560 1132 1610 possunt,
1156 1551 1341 1595 visibilia
1359 1551 1660 1606 nominamus,

271 1635 323 1670 ut
356 1624 411 1669 de
444 1623 510 1668 his
541 1622 745 1681 deinceps
783 1620 1054 1666 commodius
1079 1620 1365 1666 disseramus?
1399 1624 1481 1666 An.
1517 1620 1666 1668 Placet

273 1712 394 1742 vero.
415 1698 528 1740 Am.
556 1692 695 1748 Quid,
719 1691 793 1736 illa
816 1701 1004 1752 quatuor
1026 1692 1147 1751 signa
1164 1708 1263 1753 quae
1283 1692 1415 1752 paulo
1437 1702 1538 1737 ante
1559 1708 1663 1753 pro-

270 1767 507 1822 nuntiasti,
545 1764 745 1809 nullo-ne
779 1763 861 1808 alio
902 1762 1023 1821 signo
1054 1764 1378 1822 significantur?
1411 1767 1492 1809 AD.
1531 1766 1665 1810 miror

274 1838 396 1901 quod
412 1839 503 1899 jam
524 1835 631 1880 mihi
653 1833 857 1879 excidisse
874 1834 1108 1889 arbitraris,
1129 1835 1249 1894 quod
1271 1850 1319 1878 ea
1342 1851 1440 1896 quae
1462 1836 1663 1880 scribun-

276 1922 374 1967 tur,
405 1923 558 1954 eorum
586 1922 686 1967 quae
707 1921 814 1951 voce
845 1904 1152 1965 proferuntur,
1187 1905 1410 1964 signorum
1432 1906 1552 1965 signa
1575 1923 1664 1952 esse

276 1980 582 2041 comperimus.
615 1980 729 2022 Am.
755 1975 832 2020 Dic
860 1974 974 2019 inter
1004 1975 1085 2020 ista
1104 1974 1212 2035 quid
1234 1975 1393 2020 distet?
1424 1979 1506 2021 AD.
1534 1977 1665 2031 Quod

274 2052 348 2097 illa
370 2049 556 2096 visibilia
578 2056 680 2093 sunt
696 2082 707 2102 ,
729 2047 822 2091 haec
845 2044 1068 2090 audibilia.
1090 2048 1180 2091 Cur
1197 2047 1313 2089 enim
1332 2055 1375 2091 et
1395 2047 1479 2091 hoc
1502 2063 1663 2093 nomen

274 2140 365 2169 11011
394 2122 616 2176 admittas,
642 2119 676 2164 si
711 2117 961 2163 admisimus
991 2117 1318 2176 significabilia?
1340 2120 1453 2163 Am.
1482 2121 1662 2164 Prorsus

275 2195 482 2249 admitto,
516 2202 560 2237 et
582 2201 752 2251 gratum
781 2190 939 2234 habeo.
973 2188 1058 2234 Sed
1091 2204 1235 2233 rursus
1259 2205 1434 2250 quaero,
1471 2200 1662 2250 questum·

272 2267 367 2312 haec
390 2265 508 2323 signa
531 2261 737 2307 nullo-ne
760 2260 843 2304 alio
866 2260 988 2319 signo
1010 2258 1193 2303 audibili
1215 2259 1445 2318 significari
1468 2270 1658 2320 queant,

270 2347 321 2382 ut
340 2334 526 2381 visibilia
548 2331 798 2378 recordatus
822 2346 881 2375 es.
908 2333 991 2375 An.
1020 2333 1113 2375 Hoc
1135 2346 1312 2391 quoque
1335 2330 1550 2375 recentius
1574 2330 1661 2376 dic-

272 2418 368 2453 tum
400 2404 620 2450 recordor.
647 2406 759 2449 Nam
790 2417 955 2446 nomen
977 2400 1283 2462 responderam
1313 2401 1554 2461 significare
1577 2401 1659 2446 ali-

275 2477 408 2538 quid,
434 2485 477 2520 et
497 2475 601 2519 huic
625 2472 929 2532 significationi
957 2481 1146 2533 quatuor
1182 2472 1263 2516 ista
1295 2472 1590 2532 subjeceram,
1617 2481 1660 2517 ct

275 2547 386 2593 illud
427 2555 571 2591 autem
609 2554 651 2589 ct
672 2545 794 2599 haec,
820 2543 1033 2603 siquidem
1060 2558 1165 2588 voce
1197 2541 1499 2603 proferuntur,
1539 2542 1660 2587 audi-
