1883 3194
648 255 973 296 HIPPONENSIS
1014 261 1291 297 EPISCOPUS.
1608 268 1624 297 I
1641 269 1657 298 Ι

267 364 291 387 »
318 348 545 405 doctior‚'
564 349 672 410 quis
692 349 901 412 justior,
922 349 1058 411 quis5
1081 357 1136 396 ut
1152 349 1217 397 ita
1240 349 1399 396 dicam
1412 365 1427 406 ·‚
1451 351 1667 399 sanctior

267 441 288 466 >2
315 425 623 490 Augustino?
646 444 668 466 2>
690 425 886 488 (Serm.
916 425 977 473 de
998 425 1225 474 translat.
1247 426 1302 474 S.
1322 425 1508 475 Monz'c.
1534 423 1553 492 )

335 516 487 574 Quod
508 515 669 562 soluta
703 515 925 563 oratione
950 514 1197 562 Martinus
1230 516 1362 580 Papa
1391 517 1437 561 V
1463 517 1666 565 concio-

262 601 409 640 nator
421 593 723 658 praedicavit3‘
734 593 865 640 idem
876 629 887 649 ‚
908 593 1171 640 modulatis
1187 594 1512 651 ca1²minibUS‚'
1522 597 1668 658 po‘e'ta

262 673 524 721 celebravit
541 673 659 721 Pius
684 676 729 720 II
748 673 975 721 Pontifex
997 673 1243 722 maximus
1271 693 1281 722 :

379 832 399 857 (ι
427 818 641 856 Barbaricae
657 821 779 867 gentis
796 821 932 865 decus,
952 819 1166 865 Augustine
1178 846 1189 863 ,
1206 830 1372 866 perenne
1386 845 1396 864 ,

426 891 447 915 ι)
474 879 641 916 Horrida
660 890 772 926 quem
791 881 897 917 nobis
917 880 1049 916 Africa
1068 886 1170 915 terra
1188 879 1276 916 tulit
1297 890 1306 915 :

379 950 400 974 ›)
427 939 500 984 Qui
520 939 804 986 Scripturarum
822 939 969 985 profers
989 949 1123 975 arcana
1148 949 1365 982 sacrarum,

428 1010 449 1034 »
477 997 647 1045 Eloquiis
666 1009 839 1034 reserans
859 999 985 1035 abdita
1003 1003 1139 1034 cuncta
1158 998 1249 1044 tuis3

381 1067 401 1092 n
430 1058 552 1103 Quem
570 1057 662 1093 nihil
681 1057 888 1094 obscurum
909 1057 1043 1100 latuit,
1073 1057 1140 1093 sed
1160 1063 1196 1093 et
1214 1057 1337 1096 omnia
1355 1056 1491 1093 florent
1505 1083 1516 1101 ,

425 1128 446 1152 J)
475 1118 606 1163 Atque
625 1116 788 1152 humana
808 1118 917 1153 simul
937 1117 1131 1162 dogmata,
1160 1122 1196 1152 et
1215 1117 1287 1152 alta
1306 1121 1461 1162 patent3

376 1188 394 1208 »
424 1175 540 1220 Cujus
558 1181 595 1211 et
610 1175 836 1212 instruimur
854 1176 1033 1212 doctrinis
1045 1203 1053 1217 ,
1077 1182 1191 1221 atque
1205 1184 1403 1211 movemur

416 1247 442 1267 ·»
473 1233 688 1281 Exemplis,
715 1235 884 1281 probitas
909 1235 1014 1281 cujus
1032 1235 1069 1270 in
1090 1245 1156 1270 ore
1174 1234 1306 1270 micat.

378 1304 398 1327 ι)
423 1293 541 1331 Millia
559 1294 745 1329 librorum
763 1304 832 1341 per
851 1299 888 1329 te
903 1320 913 1335 ‚
943 1293 1058 1329 Pater
1073 1293 1168 1329 alme
1180 1322 1189 1339 ‚
1210 1293 1388 1338 leguntur

425 1362 445 1386 >)
473 1351 604 1397 Edita,
631 1362 714 1396 quae
731 1356 911 1397 promunt
929 1352 1114 1396 quidquid
1133 1352 1274 1397 ubique
1292 1351 1401 1387 latet.

375 1424 394 1450 .»
426 1410 481 1446 Sis
498 1409 646 1446 cunctis
663 1409 790 1446 fautor
808 1410 913 1456 pius,
934 1420 954 1445 o
974 1409 1207 1446 sanctissime
1224 1409 1367 1445 Praesul
1381 1436 1391 1453 ,

431 1481 452 1504 »
474 1470 604 1516 Atque
623 1469 703 1505 Deo
723 1478 885 1505 summas
904 1468 997 1505 offer
1014 1469 1060 1505 ad
1079 1468 1149 1505 alta
1173 1478 1319 1515 preces.
1336 1480 1358 1503 ))

327 1601 463 1661 Quid
487 1609 654 1648 autem
690 1600 807 1649 huic
832 1599 1028 1648 concilii
1049 1600 1288 1665 generalis
1306 1601 1352 1648 V
1377 1599 1664 1648 testimonio

259 1679 623 1727 eonferendum
659 1696 669 1724 ε
713 1700 736 1722 ι(
781 1678 1077 1740 Sequimur,
1124 1678 1310 1740 inquit5
1352 1694 1452 1742 per
1495 1679 1664 1727 omnia

261 1774 285 1800 n
313 1758 678 1823 Augustulum,
700 1764 748 1803 et
767 1756 1062 1819 suscipimus
1090 1755 1259 1804 omnia
1276 1791 1288 1813 ‚
1316 1771 1428 1818 quae
1457 1756 1517 1803 de
1533 1764 1666 1804 recta

261 1853 284 1875 »
311 1835 436 1888 fide,
467 1843 514 1882 et
534 1834 947 1882 condemnatione
969 1833 1322 1881 haereticorum
1343 1835 1566 1898 exposuit
1596 1853 1605 1882 :
1639 1852 1661 1873 »

259 1913 340 1961 cui
362 1913 619 1961 adhaerens
643 1912 912 1962 concilium
925 1911 1296 1970 Florentinum,
1319 1910 1666 1975 Augustulum

257 1989 653 2038 illustrissimum
693 1988 993 2038 Latinorum
1030 1987 1278 2036 doctorem
1313 2006 1347 2035 a
1382 1987 1558 2054 (licinia
1582 2007 1665 2055 Sy-

258 2069 392 2117 nodo
418 2077 761 2118 consecratum
784 2066 968 2116 asserit.

322 2149 440 2195 Non
457 2149 655 2195 minora
670 2155 831 2194 autem
844 2154 1054 2211 propter
1065 2146 1274 2194 virtutes
1293 2163 1441 2210 quam
1459 2155 1667 2211 propter

259 2227 538 2274 doctrinam
557 2226 859 2290 promeritus
880 2226 1106 2277 encomia
1120 2262 1132 2284 ‚
1157 2243 1271 2274 cum
1283 2226 1481 2290 triginta
1505 2226 1665 2273 tribus

257 2307 397 2353 annis
443 2306 496 2353 in
559 2305 842 2369 episcopatu
868 2304 1056 2352 ‘verbis
1099 2305 1431 2369 exemplisque
1483 2305 1665 2352 docens

258 2385 600 2447 perdurasset,
642 2384 841 2430 obsessa
873 2400 900 2430 a
925 2382 1156 2429 Vandalis
1186 2383 1448 2446 Hippone,
1492 2382 1663 2429 dolore

260 2470 308 2507 et
345 2462 528 2507 morbo
570 2461 816 2508 confectus
855 2461 990 2507 diem
1027 2469 1305 2508 extremum
1342 2461 1493 2516 obiit,'
1534 2476 1663 2507 anno

261 2538 446 2586 Christi
469 2538 592 2595 430,
620 2538 770 2586 aetatis
807 2546 969 2586 autem
1003 2536 1079 2585 76.
1111 2540 1277 2598 Quam
1311 2547 1476 2586 sancte
1507 2554 1625 2586 vero
1649 2554 1666 2594 ,⁷

261 2625 308 2662 et
333 2616 617 2671 christiane,
658 2626 707 2664 ct
750 2616 1091 2680 episcopaliter
1123 2624 1342 2665 mortem
1402 2624 1449 2663 ct
1486 2632 1664 2679 cxpec-
