1852 3163
655 178 708 205 m:
743 176 901 204 onnmss
935 176 1017 202 Lm.
1059 178 1084 201 1.
1494 170 1570 206 161

173 247 312 291 santia
341 247 388 291 in
420 261 510 290 sese
539 244 710 289 attolli?
735 241 906 296 Quidve
939 241 1059 286 aliud
1092 252 1155 285 631
1180 243 1258 286 Dei
1291 244 1420 289 136163
1448 261 1582 305 quam

172 318 265 377 ipsa
289 317 359 362 cui
390 317 678 377 suspiramus,
707 323 751 359 et
773 313 845 358 cui
863 328 940 357 nos
967 322 1122 357 amatae
1139 313 1329 358 mundos
1353 315 1586 374 pulchros-

173 406 261 450 que
286 388 533 444 reddimus,
570 387 760 433 veritas?
792 384 951 430 Melius
987 384 1073 429 dici
1111 401 1201 430 non
1235 395 1400 446 potest,
1442 388 1586 448 inquit

174 460 434 506 exclamans.
468 458 638 505 Deinde
671 457 942 519 suppressius
984 457 1109 519 quasi
1146 456 1202 502 ad
1233 472 1412 504 aurem:
1442 459 1578 516 Yide,

174 548 348 594 quaeso,
374 540 541 593 quanta
570 539 880 586 occurrerunt,
903 539 954 575 ut
982 528 1158 575 credam
1181 545 1281 591 erga
1305 546 1385 577 nos
1411 530 1583 592 aliquid

168 605 261 666 jam
294 603 572 664 prosperiore
595 602 751 647 ordine
772 601 883 646 fieri.

232 677 397 720 XXIV.
440 676 483 720 Si
508 673 732 730 ordinem,
760 674 968 735 inquam,
995 690 1143 731 curas,
1180 674 1461 720 redeundum
1498 675 1581 720 vtibi

174 756 239 792 est
260 746 316 792 ad
336 745 433 791 illos
454 762 618 792 versus.
644 749 756 791 Nam
773 745 963 792 eruditio
981 745 1314 808 disciplinarum
1330 746 1582 792 liberalium

173 819 370 865 modesta
387 835 490 864 33116
505 829 637 881 atque
659 820 903 876 succincta,
924 829 968 864 et
991 819 1218 865 alacriores
1243 829 1287 865 et
1300 836 1584 881 perseveran-

177 892 303 937 tiores
323 901 367 937 et
389 892 651 952 comptiores
674 891 852 936 exhibet
875 900 1088 936 amatores
1117 892 1436 953 amplectendae
1468 892 1584 938 veri-

176 964 255 1009 tati
270 966 300 1021 ¹,
317 973 367 1009 ut
379 974 422 1009 et
435 963 658 1009 ardentius
676 972 908 1025 appetant,
931 973 974 1008 et
988 964 1259 1009 constantius
1272 964 1580 1027 insequantur,

176 1045 221 1080 ct
256 1035 502 1082 inhaereant
530 1045 755 1096 postremo
787 1034 988 1095 dulcius,
1014 1052 1114 1097 quae
1143 1046 1348 1093 vocatur,
1383 1038 1581 1092 Licenti,

175 1108 304 1153 beata
327 1109 432 1154 vita.
467 1111 565 1162 Qua
593 1108 844 1164 nominata,
871 1124 1021 1154 omnes
1043 1124 1134 1154 sese
1165 1110 1362 1170 erigunt,
1396 1120 1439 1155 et
1461 1109 1586 1169 quasi

174 1179 413 1225 attendunt
428 1180 475 1225 in
492 1195 672 1237 manus,
690 1190 843 1237 utrum
861 1180 1023 1226 habeas
1037 1181 1160 1237 quod
1174 1181 1277 1221 dare
1297 1179 1430 1238 possis
1451 1194 1585 1238 egen-

172 1251 292 1296 tibus
324 1252 542 1314 variisque
572 1252 739 1297 morbis
766 1246 1003 1307 impoditis.
1031 1248 1202 1301 Quibus
1241 1250 1452 1310 Sapientia
1485 1268 1588 1296 611111

172 1322 411 1381 praecipere
452 1318 664 1379 coeperit,
690 1327 742 1362 ut
775 1317 997 1362 medicum
1037 1318 1283 1379 perferant,
1322 1337 1456 1384 seque
1482 1339 1586 1368 cuni

173 1391 318 1450 aliqua
342 1391 551 1452 patientia
581 1390 725 1436 curari
753 1390 922 1446 sinant,
953 1389 1000 1434 111
1022 1406 1191 1451 pannos
1228 1409 1328 1439 suos
1360 1394 1579 1441 recidunt.

172 1466 374 1518 Quorum
407 1461 780 1509 concalefactione
813 1461 1049 1519 tabificati,
1074 1464 1265 1510 scabiem
1301 1464 1584 1527 voluptatum

173 1552 523 1582 aerumnosarum
545 1534 748 1597 scalpunt
764 1535 997 1592 libentius,
1018 1552 1151 1598 quam
1168 1547 1219 1582 ut
1234 1539 1401 1585 monita
1423 1541 1585 1585 medici

173 1607 406 1669 paululum
429 1608 540 1654 dura
562 1618 604 1653 ‘et
626 1607 791 1653 morbis
815 1623 997 1652 onerosa
1030 1609 1320 1669 perpetiendo
1348 1620 1480 1673 atquc
1507 1628 1577 1657 su-

177 1680 353 1726 beundo
368 1717 378 1737 ,
403 1679 648 1725 valetudini
672 1696 879 1725 sanorum
909 1679 1089 1740 lucique
1119 1680 1401 1727 reddeantur.
1428 1686 1582 1744 itaqu·-

172 1753 247 1799 illo
270 1753 428 1799 summi
453 1754 533 1797 Dei
570 1752 748 1797 nomine
774 1770 822 1798 36
845 1769 973 1798 sensu
1008 1762 1220 1815 tanquam
1241 1754 1352 1814 stipe
1383 1756 1579 1800 contenti

170 1826 328 1871 vivunt
350 1824 520 1880 miseri,
556 1825 713 1870 vivunt
741 1834 905 1870 tamen.
938 1824 1058 1870 Alios
1090 1834 1237 1870 autem
1264 1826 1402 1883 viros,
1427 1826 1498 1872 vel
1532 1837 1584 1873 ut

169 1898 315 1943 verius
350 1896 586 1956 loquamur
601 1933 611 1950 ,
634 1896 737 1941 31133
760 1897 948 1949 animas,
975 1897 1083 1942 dum
1115 1897 1201 1942 hoc
1234 1914 1392 1959 corpus
1416 1909 1576 1959 agunt,

166 1969 258 2029 jam
280 1965 474 2012 thalamo
498 1980 576 2010 suo
601 1963 752 2023 dignas
775 1965 966 2025 conjunx
991 1963 1064 2009 ille
1087 1969 1279 2026 optimus
1300 1986 1349 2013 36
1371 1970 1582 2028 pulcher-

171 2041 308 2086 rimus
330 2038 510 2100 quaerit,
538 2037 701 2099 quibus
736 2053 827 2082 non
847 2038 1015 2093 vivere,
1053 2037 1131 2083 sed
1149 2038 1278 2083 beate
1300 2040 1446 2085 vivere
1480 2043 1581 2087 satis

171 2114 240 2158 sit.
267 2111 390 2157 Vade
412 2126 516 2170 ergo
538 2109 715 2154 interim
748 2110 804 2154 ad
831 2109 926 2154 illas
948 2113 1110 2155 Musas.
1148 2113 1465 2158 Verumtamen
1500 2116 1579 2161 3613

171 2184 281 2247 quid
294 2194 335 2229 te
347 2184 490 2228 facere
502 2181 659 2227 velim?
674 2184 697 2227 J
703 2182 790 2227 ube
803 2182 877 2239 ait,
890 2181 1012 2244 quod
1022 2182 1182 2244 placet.
1200 2183 1286 2229 Ubi
1300 2200 1359 2241 se,
1375 2185 1573 2248 inquam,

172 2261 385 2315 Pyramus
403 2263 447 2298 et
480 2252 553 2298 1113
580 2254 670 2314 ejus
693 2269 824 2314 supra
847 2254 1130 2311 seminecem,
1156 2265 1207 2300 ut
1229 2259 1483 2303 cantaturus
1506 2275 1571 2317 es,

172 2326 473 2374 interemerint
488 2361 499 2382 ,
520 2321 565 2370 111
582 2324 734 2370 dolore
748 2326 862 2386 ipso,
881 2341 970 2387 quo
991 2335 1116 2372 tuum
1138 2344 1314 2373 carmen
1337 2330 1576 2377 vehemen-

171 2401 258 2446 tius
275 2398 538 2445 inssammari
561 2397 710 2453 decet,
731 2399 867 2443 habes
891 2401 1289 2447 commodissimam
1313 2406 1575 2465 opportuni-

172 2482 323 2519 tatem.
350 2470 505 2531 Arripe
529 2469 646 2515 illius
667 2470 802 2516 foedae
824 2470 1019 2518 libidinis
1047 2482 1091 2518 et
1112 2469 1420 2522 incendiorum
1449 2493 1578 2523 vene-

223 2567 230 2583 ¹
260 2562 406 2592 Retract.
427 2568 500 2601 cap.
518 2569 565 2600 nl,
584 2570 614 2591 n.
636 2567 667 2590 2.

391 2625 514 2654 cvm.
1340 2619 1387 2658 11
