1888 3168
252 173 334 211 326
676 191 709 216 s.
745 187 974 218 Accusnm
1007 192 1188 220 EPISCOPI

251 265 350 295 cum
382 252 681 308 enuntiamus,
713 271 841 315 pone
879 256 1085 312 verbum,
1119 267 1162 302 et
1184 273 1316 318 pone
1357 259 1628 312 adverbium,

250 330 407 382 praeter
434 322 480 367 id
518 323 639 383 quod
667 326 922 385 significatio
955 327 1122 373 diversa
1155 340 1235 386 est,
1260 330 1371 376 nihil
1403 331 1482 376 tibi
1506 328 1632 375 vide-

247 402 319 437 tur
361 408 492 438 sonus
524 394 714 440 distare?
738 400 789 441 D.
821 398 958 442 Distat
990 400 1183 445 omnino.
1219 404 1280 447 M.
1321 400 1446 446 Unde
1478 399 1629 455 distat,

248 479 350 508 cum
373 473 416 508 et
438 464 591 510 iisdem
624 467 894 528 temporibus
923 478 1184 532 utrumque,
1217 481 1262 517 et
1295 472 1450 518 iisdem
1481 470 1634 515 litteris

247 538 447 580 constet?
469 539 520 581 D.
551 540 615 582 Eo
638 537 768 583 distat
798 539 919 600 quod
947 541 993 585 in
1023 541 1201 587 diversis
1222 542 1327 589 locis
1348 543 1514 588 habent
1536 557 1635 586 acu-

244 621 361 651 men.
375 610 435 652 M.
452 609 588 669 Cujus
601 610 778 654 tandem
792 609 894 657 artis
910 621 972 657 est
989 613 1068 658 ista
1080 614 1362 674 dignoscere?
1378 618 1429 659 D.
1445 617 1484 659 Α
1495 628 1635 673 gram-

244 678 409 723 maticis
430 679 524 724 haec
546 679 696 725 audire
718 681 859 738 soleo,
885 692 928 728 et
948 683 1010 731 ibi
1038 700 1088 729 ea
1105 685 1252 742 didici,
1272 685 1349 731 sed
1376 695 1527 730 utrum
1548 685 1634 729 hoc

245 749 438 810 ejusdem
456 752 555 796 artis
575 752 630 796 sit
645 754 887 813 proprium,
906 771 961 799 an
979 755 1156 803 aliunde
1173 766 1449 818 usurpatum,
1469 756 1630 803 nescio.

244 824 305 866 M.
334 825 434 867 Post
452 823 529 867 ista
548 824 796 869 videbimus
813 844 821 870 :
843 842 961 871 nunc
984 826 1096 873 illud
1117 844 1284 889 quaero,
1300 838 1450 873 utrum
1467 828 1501 872 si
1518 837 1646 885 tym-.

243 909 409 954 panum
421 894 491 939 vel
501 896 710 940 chordam
722 897 786 941 bis
804 908 1079 958 percuterem
1096 910 1182 945 tam
1200 901 1357 961 raptim
1370 910 1413 945 et
1428 898 1636 944 velociter

245 981 378 1027 quam
408 982 509 1011 cum
533 968 832 1025 enuntiamus,
851 969 1020 1015 modus
1034 1007 1044 1027 ‚
1067 982 1164 1028 aut,
1193 971 1364 1028 borum,
1385 984 1636 1031 agnosceres

245 1047 290 1082 et
302 1037 363 1081 ibi
377 1039 529 1082 eadem
545 1047 743 1099 tempora
755 1056 861 1097 esse,
878 1057 934 1085 an
945 1044 1062 1088 non?
1076 1046 1128 1088 D.
1146 1046 1454 1103 Agnoscerem.
1471 1044 1533 1088 M.
1552 1043 1638 1089 Vo-

244 1123 362 1152 cares
376 1123 478 1167 ergo
496 1109 655 1169 pedem
667 1110 952 1170 pyrrichium.
973 1116 1024 1157 D.
1043 1116 1270 1160 Vocarem.
1292 1117 1353 1160 M.
1373 1116 1543 1160 Nomen
1557 1112 1639 1156 hu-

238 1180 310 1239 jus
339 1179 461 1239 pedis
494 1196 516 1224 a
544 1196 633 1241 quo
658 1181 738 1224 nisi
767 1198 791 1226 a
821 1184 1101 1240 grammatico
1125 1184 1345 1229 didicisti?
1371 1187 1423 1229 D.
1462 1187 1634 1228 Fateor.

244 1254 306 1296 M.
323 1254 439 1311 Ergo
457 1252 511 1296 de
534 1253 739 1298 omnibus
755 1254 1009 1315 hujusmodi
1026 1258 1140 1302 sonis
1160 1256 1466 1318 grammaticus
1475 1254 1640 1316 judica-

245 1323 327 1378 bit,
351 1340 407 1368 an
419 1339 496 1383 per
514 1333 557 1368 te
579 1324 722 1384 ipsum
737 1324 838 1370 istos
849 1326 1001 1386 pulsus
1024 1327 1229 1383 didicisti,
1246 1327 1322 1373 sed
1336 1342 1499 1372 nomen
1519 1323 1642 1387 quod

248 1395 492 1455 imponeres
521 1411 545 1439 a
568 1397 850 1454 grammatico
873 1397 1103 1443 audieras?
1124 1403 1176 1444 D.
1210 1402 1276 1443 Ita
1299 1408 1377 1443 est.
1401 1401 1462 1443 M.
1489 1401 1546 1442 Et
1567 1412 1643 1441 au-

247 1482 318 1510 sus
343 1483 386 1511 es
413 1482 575 1512 nomen
602 1466 724 1528 quod
749 1478 792 1512 te
825 1471 1107 1527 grammatica
1139 1469 1303 1526 docuit,
1329 1468 1565 1514 transferre
1587 1468 1643 1513 ad

247 1553 342 1581 eam
364 1553 470 1593 rem⁷
484 1553 617 1598 quam
631 1553 720 1582 non
734 1540 953 1598 pertinere
970 1540 1025 1585 ad
1048 1541 1377 1599 grammaticam
1394 1539 1644 1584 confiteris?

248 1614 294 1652 D.
331 1609 471 1653 Video
507 1625 596 1653 non
626 1608 684 1652 oi)
719 1609 838 1653 aliud
869 1609 972 1669 pedi
1006 1626 1167 1655 nomen
1201 1610 1479 1670 impositum,
1510 1625 1643 1670 quam

248 1689 427 1741 propter
456 1689 704 1739 temporum
728 1679 1066 1736 dimensionem,
1092 1697 1225 1742 quam
1247 1681 1516 1742 ubicumque
1537 1696 1642 1740 cog-

247 1768 427 1807 novero,
449 1767 499 1796 co
528 1751 765 1796 transferre
803 1751 916 1796 illud
957 1753 1223 1797 vocabulum
1257 1769 1335 1797 cur
1356 1768 1447 1798 non
1469 1751 1644 1797 audeo?

251 1823 335 1869 Sed
353 1823 431 1866 etsi
455 1822 538 1866 alia
561 1821 777 1867 vocabula
799 1833 903 1867 sunt
930 1823 1212 1883 imponenda,
1237 1839 1339 1867 cum
1362 1822 1559 1883 ejusdem
1577 1821 1645 1866 di-

247 1894 480 1939 mensionis
502 1893 596 1936 soni
619 1902 736 1945 sunt,
763 1892 838 1936 scd
861 1892 916 1936 ad
936 1894 1239 1951 grammaticos
1262 1903 1409 1937 tamen
1432 1909 1522 1938 non
1539 1908 1642 1952 per-

247 1967 411 2019 tinent⁷
449 1964 557 2024 quid
590 1963 695 2007 mihi
726 1973 789 2007 est
823 1963 877 2007 de
912 1964 1163 2008 nominibus
1192 1965 1414 2019 laborare,
1447 1980 1548 2012 cum
1579 1979 1643 2008 res

247 2046 394 2097 aperta
420 2036 505 2080 sit?
527 2037 586 2079 M.
626 2037 713 2079 Nec
742 2050 820 2092 ego
851 2034 896 2078 id
926 2034 1054 2079 volo:
1080 2034 1157 2078 sed
1191 2044 1334 2079 tamen
1363 2049 1464 2079 cum
1496 2024 1643 2079 videas

246 2106 582 2154 innumerabilia
616 2121 772 2165 genera
801 2122 1030 2161 sonorum,
1058 2108 1103 2150 in
1131 2107 1291 2167 quibus
1319 2115 1448 2150 certae
1472 2106 1644 2150 dimen-

247 2182 386 2226 siones
406 2179 623 2223 observari
649 2187 844 2237 possunt,
875 2194 975 2238 quae
1010 2194 1170 2237 genera
1200 2178 1390 2221 latemur
1424 2193 1642 2235 gramma-

247 2254 344 2298 ticae
380 2250 618 2310 disciplinae
651 2266 739 2293 non
770 2266 859 2294 esse
899 2249 1154 2304 tribuenda,
1193 2265 1341 2293 nonne
1377 2265 1524 2294 censes
1553 2264 1643 2293 esse

251 2324 378 2369 aliam
403 2322 594 2383 aliquam
627 2320 899 2381 disciplinam
915 2358 924 2376 ‚
950 2337 1048 2382 quae
1071 2320 1287 2382 quidquid
1314 2321 1360 2364 in
1390 2319 1643 2381 hujusmodi

250 2397 304 2442 sit
322 2394 502 2439 vocibus
522 2409 802 2437 numerosum
816 2393 1184 2452 artificiosumque
1208 2392 1454 2436 contineat?
1473 2395 1522 2436 D.
1541 2395 1643 2436 Pro-

252 2466 397 2511 babile
432 2465 535 2508 milii
574 2464 757 2508 videtur.
792 2468 849 2508 M.
891 2464 1021 2517 Quod
1049 2464 1138 2523 ejus
1171 2478 1260 2506 esse
1295 2478 1456 2507 nomen
1496 2462 1642 2506 existi-

252 2554 342 2582 mas
357 2541 374 2580 'z'
400 2540 507 2581 Nam
543 2537 695 2595 opinor
728 2552 814 2579 nou
848 2535 927 2578 tibi
955 2550 1115 2578 novum
1152 2550 1241 2578 cssc
1277 2533 1638 2594 omnipotentiam
