1888 3168
339 172 418 211 ‘is-1
763 186 794 211 s.
834 185 1060 212 morsuum
1096 186 1275 213 erscom

331 248 453 307 quasi
481 263 570 292 non
592 248 703 292 inest
722 248 866 292 animo
891 249 1098 308 pristinus
1121 259 1288 301 motus,
1336 259 1379 294 ct
1406 265 1551 295 revera
1580 251 1721 294 minor

329 319 406 375 fit,
446 319 528 363 nisi
544 328 780 380 antequam
803 319 1051 375 intercidat,
1068 322 1258 381 quadam
1281 319 1490 365 similium
1502 321 1722 365 vicinitate

331 399 580 434 renovetur.

390 462 487 505 XV.
526 460 611 506 Sed
642 459 773 505 velim
808 461 937 516 scire,
984 451 1135 506 utrum
1171 471 1212 506 te
1247 461 1452 507 adversus
1495 462 1574 506 ista
1615 460 1723 505 nihil

329 540 516 575 moveat.
544 533 596 576 D.
636 531 926 576 Probabiliter
947 532 1056 577 mihi
1085 531 1229 577 (licere
1257 531 1440 588 videris,
1471 548 1551 576 nec
1585 531 1724 576 ausim

329 602 541 647 resistere.
567 605 629 648 M.
666 605 778 648 Cum
809 602 943 661 igitur
977 603 1119 663 ipsum
1151 604 1309 647 sentire
1337 618 1510 648 movere
1540 604 1595 647 sit
1628 617 1725 646 cor-

328 689 411 734 pus
435 673 639 719 adversus
669 674 793 718 illum
819 684 989 718 motum
1023 675 1100 735 qui
1133 674 1179 718 in
1210 690 1262 719 eo
1286 672 1427 719 factus
1449 683 1513 719 est
1535 709 1545 730 ,
1576 688 1724 718 nonne

327 746 544 791 existimas
568 745 666 791 ideo
690 762 768 790 nos
791 762 880 791 non
903 746 1061 791 sentire
1078 762 1178 791 cum
1193 762 1285 791 ossa
1300 781 1310 801 ,
1328 755 1371 791 et
1383 761 1569 805 ungues,
1585 754 1628 789 et
1650 760 1723 789 ca-

327 816 424 879 pilli
442 827 660 872 secantur,
681 833 770 862 non
788 818 890 878 quia
913 817 992 862 ista
1010 817 1054 861 in
1077 818 1203 862 nobis
1226 817 1406 862 omnino
1430 833 1520 861 non
1542 816 1720 871 vivunt,

327 905 419 934 non
441 889 556 933 enim
577 887 700 933 aliter
723 898 800 934 aut
822 888 1177 945 continerentur,
1217 899 1291 934 aut
1324 889 1614 943 nutrirentur,
1648 896 1725 931 aut

330 969 599 1015 crescerent,
626 969 700 1004 aut
728 960 860 1004 etiam
882 960 971 1004 vim
993 975 1116 1004 suam
1137 960 1183 1004 in
1212 959 1392 1004 serenda
1422 958 1545 1019 prole
1576 973 1726 1002 mons-

329 1039 518 1089 trarent·⁷
543 1029 619 1075 sed
651 1030 754 1091 quia
777 1030 922 1074 minus
952 1029 1091 1075 libero
1124 1034 1221 1075 aere
1243 1039 1545 1091 penetrantur,
1571 1028 1725 1074 mobili

328 1101 492 1146 scilicet
509 1100 745 1158 elemento,
772 1117 905 1162 quam
929 1110 980 1145 ut
1001 1110 1146 1145 motus
1168 1101 1230 1145 ibi
1248 1101 1383 1161 possit
1397 1101 1452 1145 ab
1476 1101 1619 1145 anima
1632 1099 1726 1144 fieri

332 1181 424 1218 tam
446 1172 576 1228 celer,
611 1188 744 1234 quam
767 1181 831 1217 est
863 1171 936 1216 ille
972 1171 1176 1217 adversus
1198 1188 1331 1233 quem
1357 1173 1408 1216 fit
1430 1188 1531 1217 cum
1565 1171 1724 1216 sentire

327 1243 503 1290 dicitur.
533 1243 647 1289 Talis
674 1242 878 1305 quaedam
901 1244 988 1289 vita
1012 1260 1113 1288 cum
1147 1245 1193 1288 in
1223 1244 1453 1289 arboribus
1476 1252 1608 1304 atque
1631 1242 1726 1286 stir-

330 1317 461 1376 pibus
483 1316 647 1361 caeteris
660 1331 750 1360 esse
772 1315 1058 1375 intelligatur,
1074 1314 1198 1360 nullo
1215 1316 1348 1360 modo
1368 1331 1463 1360 eam
1479 1330 1570 1359 non
1585 1313 1726 1359 solum

330 1398 491 1433 nostrae
513 1405 613 1450 quae
635 1389 808 1432 ratione
827 1388 957 1432 etiam
981 1386 1232 1448 praepollet,
1262 1387 1338 1431 sed
1359 1403 1414 1431 ne
1438 1387 1514 1445 ipsi
1546 1385 1725 1446 quidem

333 1459 542 1503 belluinae
564 1459 691 1501 decet
712 1474 982 1517 proeponere.
1002 1457 1135 1503 Aliud
1152 1467 1216 1502 est
1230 1459 1347 1502 enim
1366 1472 1534 1501 summa
1553 1455 1724 1500 stolidi-

331 1539 434 1584 tate,
461 1527 581 1572 aliud
602 1543 771 1572 summa
794 1529 976 1572 sanitate
999 1530 1191 1587 corporis
1210 1528 1319 1572 nihil
1341 1528 1515 1572 sentire.
1541 1530 1651 1571 Nam
1679 1527 1724 1569 in

331 1600 468 1645 altero
497 1599 787 1643 instrumenta
817 1597 996 1653 desunt,
1027 1613 1126 1658 qum
1150 1596 1354 1641 adversus
1386 1597 1602 1661 passiones
1625 1613 1723 1641 cor-

330 1671 447 1732 poris
475 1679 752 1726 moveantur,
783 1669 828 1712 iu
860 1668 996 1712 altero
1027 1667 1131 1728 ipsae
1154 1667 1386 1728 passiones.
1421 1666 1473 1714 D.
1502 1668 1646 1713 Probo
1681 1676 1725 1712 et

332 1742 557 1788 assentior.

335 1876 404 1892 ΜἋ
408 1874 761 1892 ἏΜΝΝΜΝἮἋΛΛΜΑΜΝ
766 1873 833 1889 §AM
838 1873 975 1889 ΊΝἏΜΜ
980 1873 1118 1889 AEWKGM
1122 1872 1260 1888 vam
1264 1873 1545 1888 &mmmmm
1550 1873 1616 1888 ΚΝΑΛ
1621 1873 1687 1888 ’ΒΑΜ
1692 1874 1725 1889 Ἃ

867 1983 1084 2033 CAPUT
1125 1985 1212 2031 VI.

370 2105 512 2154 Inter·
526 2122 712 2170 genera
735 2120 1044 2150 numerorum
1060 2103 1196 2161 ordo,
1221 2113 1265 2149 et
1282 2119 1445 2149 eorum
1460 2105 1689 2159 nomina,

393 2234 513 2277 XVI.
535 2235 595 2277 M.
622 2235 735 2276 Ram
759 2246 861 2290 ergo
879 2245 1053 2275 mecum
1078 2229 1133 2273 ad
1154 2228 1448 2289 propositum,
1474 2237 1606 2289 atque
1630 2245 1722 2274 res-

331 2303 479 2365 ponde
508 2304 562 2347 de
596 2303 735 2347 tribus
768 2300 851 2346 illis
899 2300 1132 2360 generibus
1179 2315 1489 2355 numerorum,
1533 2317 1721 2361 quorum

332 2376 518 2420 alterum
539 2374 584 2417 in
606 2371 815 2417 memoria
837 2380 916 2426 est,
933 2370 1118 2420 alterum
1142 2370 1188 2413 in
1211 2370 1453 2426 sentiendo,
1477 2370 1662 2415 alterum
1676 2370 1722 2414 in

332 2461 453 2501 sono,
474 2444 696 2506 quodnam
720 2444 797 2487 tibi
816 2443 1015 2487 videatur
1031 2440 1265 2486 excellere?
1287 2444 1337 2485 D.
1366 2444 1531 2487 Sonum
1546 2441 1720 2502 duobus

336 2518 418 2562 illis
441 2526 655 2577 postpono
671 2531 769 2575 quze
787 2514 828 2558 in
847 2514 988 2558 anima
1007 2521 1108 2558 sunt
1124 2522 1167 2559 et
1183 2512 1541 2579 uivuntquodam
1559 2513 1686 2558 modo
1709 2532 1717 2558 ι
