1852 3163
541 262 667 292 ann
699 261 753 290 DE
786 257 924 289 ΒΕΑΤΑ
956 257 1072 288 vrrA.
1418 245 1501 286 115

360 585 552 634 DISPU
563 581 770 632 TATIO
823 583 930 631 PR}
941 582 1050 630 MAE
1109 582 1270 629 DIEI.

121 742 212 790 Ex·
251 744 423 790 anima
465 752 513 789 et
552 757 753 803 corpore
798 749 1093 787 constamus.
1133 737 1282 785 Cibus
1325 737 1520 799 corpori

655 813 973 860 necessarius.

184 975 285 1021 VII.
320 977 615 1022 MANIFE'STUM
631 974 756 1021 vobis
768 973 942 1020 videtur
962 989 1015 1018 ex
1032 973 1177 1019 anima
1190 982 1234 1018 et
1248 987 1430 1033 corpore
1443 986 1523 1017 nos

125 1064 216 1094 esse
252 1048 542 1108 compositos?
563 1047 678 1093 Cum
712 1062 863 1092 omnes
897 1046 1217 1102 consentirent,
1243 1045 1446 1104 Navigius
1477 1059 1522 1088 30

125 1120 327 1181 ignorare
353 1118 594 1180 respondit».
617 1119 701 1164 Cui
723 1135 831 1178 ego:
853 1118 973 1164 Nihil
995 1117 1180 1163 nihil-ne
1203 1118 1383 1163 omnino
1417 1117 1498 1161 3013
1512 1151 1524 1173 ,

126 1193 330 1253 inquam,
356 1207 413 1235 an
429 1191 543 1235 inter
565 1189 711 1251 aliqua
724 1206 824 1250 quae
845 1190 1018 1248 ignoras
1036 1190 1166 1234 etiam
1187 1190 1272 1234 1100
1294 1203 1531 1233 numeran-

128 1265 237 1309 dum
258 1265 352 1307 est?
373 1265 473 1309 Non
494 1271 603 1322 puto
626 1277 712 1317 me,
739 1261 899 1322 inquit,
918 1261 1064 1305 omnia
1086 1261 1266 1305 nescire.
1289 1265 1525 1318 Potes-ne,

129 1337 334 1397 inquam,
355 1334 482 1379 1101113
506 1333 650 1378 dicere
672 1332 840 1393 aliquid
856 1348 1009 1377 eorum
1031 1348 1131 1392 quae
1154 1332 1300 1390 nosti?
1324 1336 1529 1389 Possum,

130 1408 288 1470 inquit.
303 1407 393 1452 Nisi
409 1404 642 1450 molestum
662 1414 748 1461 est,
769 1405 950 1466 inquam
964 1440 975 1461 ,
992 1405 1142 1465 profer
1157 1396 1346 1466 aliquid.
1363 1408 1535 1450 Etcum

133 1479 380 1526 dubitaret:
401 1478 581 1534 Scis-ne,
597 1477 796 1538 inquam,
815 1476 968 1521 saltem
981 1485 1025 1520 te
1039 1476 1217 1522 vivere?
1236 1477 1349 1533 Scio,
1372 1477 1533 1539 inquit.

136 1551 224 1599 Seis
247 1566 351 1611 ergo
369 1549 533 1595 habere
555 1558 598 1594 te
615 1548 777 1595 vitam?
799 1548 1016 1611 siquidem
1028 1549 1175 1595 vivere
1196 1565 1327 1595 nemo
1350 1550 1431 1594 nisi
1447 1550 1538 1596 vita

135 1632 294 1685 potest.
323 1625 382 1667 Et
401 1622 488 1667 1100
501 1657 512 1678 ,
536 1621 703 1682 inquit,
729 1621 832 1666 3010.
863 1621 952 1666 Seis
969 1620 1101 1665 etiam
1115 1637 1273 1682 corpus
1294 1631 1338 1666 te
1355 1622 1536 1667 habere.

137 1695 485 1743 Assentiebatur.
510 1697 628 1753 Ergo
655 1695 748 1755 jam
784 1694 866 1739 3013
900 1703 943 1738 te
977 1703 1176 1739 constare
1207 1710 1258 1739 ex
1280 1710 1462 1756 corpore
1496 1703 1542 1740 et

137 1769 252 1814 vita:
276 1767 373 1814 Seio
390 1766 590 1812 interim:
610 1765 688 1811 sed
705 1775 856 1811 utrum
871 1767 967 1811 haec
985 1766 1075 1812 sola
1093 1767 1179 1811 sint
1190 1802 1201 1824 ,
1217 1767 1408 1812 incertus
1421 1783 1536 1812 sum.

138 1843 258 1901 Ergo
279 1838 369 1884 duo
391 1838 494 1895 ista,
519 1838 723 1900 inquam,
744 1854 834 1883 esse
857 1855 948 1884 non
970 1838 1170 1896 dubitas,
1198 1856 1356 1901 corpus
1379 1849 1423 1885 et
1445 1839 1542 1884 ani-

139 1927 280 1968 mam,
303 1910 382 1956 sed
403 1911 595 1956 incertus
617 1926 683 1966 es,
699 1919 850 1955 utrum
873 1911 928 1955 sit
951 1910 1072 1955 aliud
1086 1911 1209 1972 quod
1230 1911 1286 1956 ad
1311 1911 1543 1974 complen-

143 1985 251 2030 dum
283 1999 332 2028 ac
360 1981 679 2044 perficiendum
715 1983 942 2027 hominem
974 1982 1106 2028 valet.
1141 1987 1229 2040 Ita,
1258 1985 1418 2046 inquit.
1449 1988 1545 2031 Hoc

144 2053 275 2117 quale
299 2054 379 2110 sit,
406 2052 532 2109 alias,
558 2054 593 2098 31
615 2069 868 2114 possumus,
895 2071 1165 2116 quaeremus,
1197 2056 1394 2118 inquam.
1417 2061 1545 2104 Nunc

144 2126 258 2172 illud
269 2128 361 2188 jam
383 2142 434 2170 ex
455 2125 660 2171 omnibus
677 2142 829 2188 quaero
844 2162 854 2183 ,
869 2143 972 2172 011111
985 2126 1358 2174 fateamureuncti
1375 2166 1385 2187 ,
1402 2147 1548 2192 neque

148 2199 240 2243 sine
257 2213 441 2258 corpore
452 2232 463 2253 ,
479 2212 627 2258 neque
641 2197 734 2264 ¹sine
755 2197 901 2243 anima
914 2214 1004 2244 esse
1016 2216 1140 2260 posse
1157 2201 1383 2246 hominem
1394 2238 1405 2259 ,
1423 2203 1546 2248 011103

151 2277 332 2331 propter
366 2268 476 2330 quid
496 2268 656 2313 horum
679 2271 950 2329 appetamus.
987 2274 1171 2332 Propter
1192 2289 1350 2334 eorpus
1365 2309 1376 2331 ,
1402 2275 1550 2337 inquit

152 2340 392 2387 Licentius.
418 2342 575 2388 Caeteri
592 2350 738 2387 autem
755 2342 1095 2400 cunctabantur,
1119 2345 1328 2407 varioque
1350 2363 1551 2394 sermone

154 2414 271 2459 inter
293 2429 338 2458 se
361 2414 572 2473 agebant,
602 2413 827 2476 quomodo
856 2425 1001 2476 posset
1024 2415 1205 2478 Propter
1232 2435 1390 2480 corpus
1423 2421 1549 2467 0111113

154 2486 422 2532 necessarius
434 2486 596 2544 videri,
613 2503 715 2533 cum
734 2497 1015 2549 appeteretur
1032 2500 1211 2552 propter
1226 2491 1362 2537 vitam
1374 2529 1385 2549 ,
1400 2503 1444 2539 et
1458 2493 1551 2540 vita

158 2557 333 2605 nonnisi
356 2557 412 2603 ad
425 2558 615 2604 animam
625 2560 878 2620 pertineret.
895 2563 1007 2605 Tum
1015 2577 1094 2620 ego
1109 2562 1331 2620 :Videtur,
1349 2565 1548 2627 inquam,

160 2629 285 2676 vobis
306 2629 364 2675 ad
378 2645 474 2675 eam
492 2638 661 2690 partem
674 2630 823 2677 eibum
837 2632 1057 2692 pertinere
1068 2668 1080 2688 ,
1096 2650 1228 2694 quam
1247 2634 1346 2680 cibo
1360 2652 1552 2684 crescere

1305 2708 1343 2750 8.
