1852 3163
245 208 300 246 92
667 213 700 242 s.
738 213 971 245 AUGUSTINI
1005 216 1205 244 EPISCOPI.

301 284 511 328 XXVIII.
538 280 626 328 Sed
645 283 800 327 metuit
813 282 990 328 fortasse
1008 298 1063 327 ne
1078 299 1300 328 summum
1322 283 1490 328 bonum
1509 283 1641 343 eligat

243 355 478 401 dormiens.
503 352 620 400 Nihil
637 355 821 415 periculi
843 363 928 411 est,
951 370 1053 400 cum
1076 355 1365 415 evigilaverit,
1391 355 1642 417 repudiabit

242 428 277 473 si
310 424 510 487 displicet
525 462 536 483 ,
562 427 730 472 tenebit
747 427 780 471 si
801 426 961 487 placet.
988 427 1094 481 Quis
1117 428 1234 472 enim
1253 444 1354 473 eum
1382 438 1500 473 recte
1520 428 1641 473 vitu-

241 499 414 561 perabit
435 498 557 560 quod
578 497 737 543 falsum
764 498 874 544 vidit
901 499 948 544 in
980 499 1168 544 somnis?
1189 502 1279 545 Aut
1312 499 1494 546 fortasse
1530 498 1644 544 illud

242 571 500 618 formidabit
515 607 526 628 ,
553 587 608 616 ne
630 572 852 618 dormiens
874 572 1047 617 amittat
1069 572 1325 633 sapientiam
1343 610 1353 631 ,
1379 574 1413 618 si
1430 590 1510 635 pro
1531 572 1643 619 veris

244 644 351 697 salsa
383 644 661 704 probaverit?
689 646 783 690 Hoc
811 646 905 706 jam
942 661 997 690 ne
1035 643 1257 691 dormiens
1293 645 1474 708 quidem
1512 644 1645 691 aiidct

243 717 457 763 somniare
468 753 478 773 ,
500 726 550 761 ut
563 716 804 777 sapientem
813 717 1066 777 vigilantem
1080 726 1229 775 vocet,
1246 728 1376 778 neget
1387 718 1421 763 si
1434 717 1640 763 dormiat.

244 793 349 835 Haec
382 789 514 833 ctiam
546 788 602 833 de
635 788 784 834 furore
821 787 907 833 dici
942 799 1150 850 possunt:
1177 788 1254 834 secl
1287 789 1334 834 in
1365 789 1445 834 alia
1468 787 1648 834 festinat

245 861 398 907 oratio.
426 863 531 905 Haec
564 869 711 905 tamen
733 860 824 904 sine
846 860 1128 906 conclusione
1158 861 1430 907 securissima
1455 876 1546 906 non
1578 875 1649 904 rc-

244 932 414 993 linquo.
440 935 530 976 Aut
562 932 682 976 enim
707 931 924 977 amittitur
946 931 1095 978 furore
1127 929 1358 994 sapientia,
1385 941 1429 977 et
1442 933 1536 994 jam
1557 947 1649 976 non

246 1005 327 1050 crit
349 1004 542 1065 sapiens,
568 1021 703 1067 quem
719 1021 875 1051 verum
898 1007 1099 1066 ignorare
1121 1006 1318 1052 clamatis
1336 1026 1345 1052 ι
1371 1015 1448 1051 aut
1468 1005 1649 1051 scientia

247 1079 338 1138 ejus
352 1086 501 1122 manet
516 1078 561 1122 in
578 1078 827 1135 intellectu,
848 1079 1016 1124 etiamsi
1030 1094 1128 1140 pars
1147 1079 1280 1123 animi
1297 1087 1455 1124 caetera
1470 1077 1516 1141 id
1529 1076 1651 1141 quod

249 1150 416 1210 accepit
437 1165 460 1194 a
482 1150 679 1196 sensibus
697 1185 708 1207 ,
728 1150 850 1196 velut
868 1151 916 1196 in
933 1151 1094 1198 somnis
1125 1151 1408 1212 imaginetur.

248 1308 390 1327 Mtuwvt
394 1308 604 1328 ἋΜ-ἊΜΜΜ
610 1309 748 1328 ΊΛᾸὊΜΜ
753 1311 820 1328 mm
825 1311 892 1328 Wss
896 1311 1250 1329 um mm wmwmfwu
1255 1309 1608 1328 wummmmmnwu
1612 1309 1652 1326 m

740 1444 961 1497 CAPUT
1007 1448 1157 1498 XIII.

563 1590 727 1638 Multa
755 1594 946 1654 percipi
974 1595 1023 1639 z'n
1055 1592 1332 1640 dz'aleclica.

310 1730 476 1774 XXIX.
513 1732 684 1775 RESTAT
721 1730 949 1791 dialectica
966 1768 976 1788 ,
1014 1748 1150 1793 quam
1170 1731 1301 1777 *certe
1334 1732 1504 1794 sapiens
1538 1729 1654 1777 bene

253 1802 399 1857 novit,
426 1816 507 1847 nec
547 1801 707 1846 falsum
741 1804 849 1848 scire
888 1804 1123 1864 quisquam
1165 1813 1324 1864 potest.
1348 1805 1391 1850 Si
1423 1820 1527 1850 vero
1559 1819 1656 1847 eam

254 1873 412 1929 nescit,
438 1890 528 1918 non
551 1873 744 1934 pertinet
763 1872 818 1918 ad
835 1874 1091 1933 sapientiam
1110 1876 1201 1935 ejus
1223 1875 1438 1933 cognitio,
1464 1876 1555 1920 sine
1569 1891 1657 1936 qua

255 1961 344 1990 esse
365 1946 532 2006 sapiens
554 1945 720 2006 potuit,
753 1955 796 1990 et
828 1946 1052 2005 superfluo
1072 1955 1224 1990 utrum
1241 1962 1343 1991 vera
1363 1947 1440 2003 sit,
1466 1947 1657 2007 possitve

255 2017 443 2078 percipi,
470 2017 725 2079 quaerimus.
754 2017 836 2063 Hic
859 2017 1218 2079 fortassealiquis
1240 2018 1350 2062 mihi
1373 2017 1515 2064 dicat:
1539 2018 1658 2064 Soles

256 2089 443 2150 prodere
463 2099 511 2134 tu
528 2088 659 2133 stulte
681 2088 791 2150 quid
813 2089 1000 2135 noveris.
1017 2092 1087 2135 An
1105 2089 1159 2134 cle
1179 2089 1404 2134 dialectica
1421 2089 1532 2134 nihil
1549 2090 1659 2135 scire

256 2161 466 2222 potuisti?
478 2164 573 2221 Ego
586 2177 691 2207 vero
703 2161 830 2222 plura
845 2177 979 2223 quam
992 2161 1046 2206 de
1055 2161 1207 2223 quavis
1219 2170 1341 2222 parte
1349 2161 1654 2223 philosophiae.

260 2235 369 2278 Nam
391 2233 533 2294 primo
556 2238 707 2279 omnes
729 2233 824 2278 illas
846 2234 1187 2294 propositiones,
1209 2233 1370 2294 quibus
1393 2248 1522 2294 supra
1555 2250 1659 2280 usus

260 2320 356 2349 sum
372 2341 382 2361 ,
407 2321 529 2350 veras
552 2321 641 2350 esse
655 2305 735 2349 ista
750 2321 821 2349 me
845 2304 1011 2350 docuit.
1028 2304 1193 2350 Deinde
1209 2319 1287 2364 per
1302 2304 1429 2349 istam
1452 2307 1555 2352 novi
1577 2306 1660 2351 alia

263 2377 403 2422 multa
425 2393 541 2422 vera.
573 2378 658 2423 Sed
681 2393 813 2439 quam
830 2378 970 2423 multa
991 2378 1076 2423 sint
1083 2415 1099 2435 ,
1124 2385 1376 2434 numerate,
1402 2377 1437 2422 si
1461 2378 1655 2438 potestis.

265 2451 309 2496 Si
331 2459 521 2511 quatuor
541 2451 588 2494 in
609 2450 778 2495 mundo
801 2450 1015 2496 clementa
1038 2459 1164 2506 sunt,
1196 2465 1287 2494 non
1317 2459 1420 2494 sunt
1440 2451 1652 2511 quinque.

267 2523 310 2568 Si
332 2523 396 2567 sol
425 2539 538 2567 unus
562 2533 646 2579 cst,
672 2539 761 2568 non
789 2533 891 2569 sunt
913 2523 1019 2569 duo.
1041 2525 1149 2569 Non‘
1162 2531 1305 2582 potest
1337 2538 1426 2567 una
1448 2522 1591 2566 anima
1614 2531 1658 2567 ct

265 2596 375 2641 mori
397 2604 441 2641 ct
462 2611 552 2640 csse
585 2595 856 2642 immortalis.
882 2598 981 2644 Non
1002 2603 1146 2657 potest
1167 2594 1300 2640 homo
1324 2592 1453 2640 simul
1483 2602 1526 2639 ct
1559 2593 1659 2639 hea-
