1888 3168
639 158 692 183 DE
726 157 878 184 „utsicA
913 159 994 184 Liu.
1034 159 1091 183 νι.
1471 146 1548 186 481

165 223 352 284 agendas
376 223 581 283 paratior,
607 222 817 268 similibus
837 230 886 266 ut
907 221 1131 282 adjungat,
1153 222 1422 284 repellatque
1437 226 1558 285 quod

165 294 345 341 noxium
364 302 442 338 est.
462 294 563 351 Agit
584 308 738 353 porro,
762 301 814 337 ut
834 292 1012 352 opinor,
1037 292 1304 338 luminosum
1327 294 1493 355 aliquid
1515 296 1561 340 in

168 364 320 421 oculis,
346 364 508 409 aerium
532 364 854 408 serenissimum
876 372 919 408 et
934 363 1271 409 mobilissimum
1292 366 1338 410 in
1358 366 1536 412 auribus
1551 403 1561 423 ,

168 437 454 496 caliginosum
481 435 526 479 in
549 434 749 490 naribus,
773 435 819 479 in
841 450 915 479 ore
935 433 1169 479 humidum
1184 470 1195 490 ,
1221 435 1267 480 in
1283 445 1404 481 tactu
1426 446 1565 482 terre-

169 523 277 552 num
286 517 329 552 et
341 505 758 568 quasilutulentum.
775 506 859 552 Sed
872 506 960 551 sive
973 506 1055 550 hac
1067 506 1154 551 sive
1164 506 1246 551 alia
1261 506 1568 555 distributione

168 579 250 624 ista
280 578 593 639 conjiciantur,
619 578 707 636 agit
734 578 829 622 11660
852 578 995 622 anima
1016 593 1116 622 cum
1140 578 1310 639 quiete,
1337 580 1371 624 si
1394 596 1444 625 ea
1468 597 1569 642 quae

168 651 320 695 insunt
339 649 386 693 in
407 650 575 694 unitate
595 648 874 704 valetudinis,
894 650 1018 710 quasi
1032 648 1232 694 familiari
1254 652 1444 711 quadam
1462 669 1569 699 con-

170 721 369 767 sensione
396 730 633 766 cesserunt.
662 724 776 767 Cum
801 731 947 766 autem
970 721 1236 766 adhibentur
1258 739 1307 768 ea
1333 740 1434 785 quae
1456 742 1572 771 non-

171 794 318 850 nulla,
364 802 416 838 ut
439 794 497 838 ita
526 793 692 849 dicam,
736 792 952 838 alteritate
976 810 1134 854 corpus
1163 795 1385 851 afliciunt,
1439 799 1572 842 exerit

172 864 424 910 attentiores
459 865 672 919 actiones,
708 864 794 909 suis
831 864 1081 926 quibusque
1118 864 1222 910 locis
1251 876 1383 928 atque
1411 867 1575 914 instru-

172 936 330 981 mentis
351 935 698 981 accommodatas
714 955 721 980 2
738 945 845 980 tunc
855 935 1018 992 videre,
1029 936 1100 980 vel
1112 936 1278 993 audire,
1289 938 1361 982 vel
1369 937 1573 996 olfacere,

173 1009 243 1054 vel
262 1018 450 1069 gustare,
477 1009 546 1054 vel
570 1008 791 1068 tangendo
817 1008 975 1053 sentire
998 1009 1184 1068 dicitur,
1209 1011 1370 1071 quibus
1390 1012 1576 1057 actioni-

174 1081 256 1125 bus
271 1096 463 1139 congrua
477 1080 667 1125 libenter
679 1080 875 1135 associat,
888 1079 1119 1125 etmoleste
1134 1081 1574 1142 obsistitincongruis.

175 1155 262 1197 Has
290 1151 563 1213 operationes
587 1151 862 1212 passionibus
882 1152 1075 1211 corporis
1110 1162 1218 1212 puto
1242 1153 1431 1199 animam
1458 1156 1579 1200 exhi—

174 1223 279 1268 bere
296 1238 395 1268 cum
421 1223 567 1278 sentit,
594 1238 684 1267 non
708 1222 881 1266 easdem
901 1223 1117 1282 passiones
1141 1225 1346 1285 recipere.

237 1297 318 1339 XI.
335 1298 614 1355 Quapropter
637 1310 737 1339 cum
762 1292 817 1337 de
839 1310 1045 1339 sonorum
1070 1297 1262 1341 numeris
1285 1296 1331 1341 in
1352 1301 1581 1359 praesentia

176 1374 472 1428 quaeratur,‘et
489 1381 640 1410 sensus
654 1366 824 1410 aurium
836 1376 1016 1410 vocetur
1029 1367 1073 1410 111
1083 1366 1286 1424 dubium,
1303 1386 1393 1414 nou
1409 1382 1582 1431 oportet

175 1454 253 1499 per
271 1447 427 1483 caetera
448 1437 612 1480 diutius
630 1437 817 1495 evagari.
845 1436 1103 1482 Referamus
1125 1439 1274 1499 itaque
1296 1457 1374 1485 nos
1398 1443 1509 1487 adid
1526 1443 1581 1488 de

175 1525 265 1570 quo
289 1509 460 1568 agitur,
487 1516 531 1551 et
552 1507 778 1552 videamus
800 1517 950 1552 utrum
979 1524 1110 1553 sonus
1134 1510 1180 1552 iu
1214 1512 1391 1556 auribus
1412 1513 1581 1574 aliquid

175 1579 309 1626 saciat
332 1599 340 1624 :
367 1595 422 1623 an
443 1588 493 1623 tu
513 1579 557 1621 id
576 1579 845 1636 negabisPD.
865 1578 984 1624 Nihil
1005 1580 1164 1624 minus.
1184 1583 1245 1625 M.
1268 1582 1385 1635 Quid
1408 1585 1582 1630 easdem

179 1668 304 1697 aures
328 1651 568 1695 animatum
591 1649 839 1693 membrum
864 1665 953 1694 csse
975 1666 1124 1695 nonne
1142 1652 1370 1698 concedis?
1386 1661 1432 1700 D.
1460 1659 1582 1702 Con-

180 1723 303 1769 cedo.
320 1726 381 1767 M.
406 1724 519 1770 Cum
543 1736 644 1779 ergo
662 1720 712 1770 id*
727 1721 847 1781 quod
870 1721 915 1764 111
938 1736 989 1766 60
1007 1722 1207 1767 membro
1227 1724 1366 1769 simile
1385 1736 1448 1771 est
1470 1730 1556 1773 a‘eri
1570 1767 1581 1787 ,

180 1803 410 1840 moveatur
444 1797 541 1837 aere
563 1807 792 1852 percusso,
821 1793 1009 1837 animam
1032 1793 1175 1849 illam,
1202 1812 1301 1855 quae
1330 1808 1431 1843 ante
1450 1800 1584 1846 istum

181 1882 339 1912 sonum
361 1864 484 1910 vitali
517 1873 642 1909 motu
665 1865 711 1908 iu
738 1863 910 1909 silentio
940 1881 1098 1925 corpus
1122 1867 1295 1911 aurium
1323 1873 1556 1929 vegetabat
1572 1911 1582 1924 ,

181 1954 290 1984 num
320 1947 526 1998 putamus
550 1945 625 1980 aut
652 1951 817 1980 cessare
844 1951 968 1996 posse
997 1936 1052 1980 ab
1077 1953 1207 1997 opere
1226 1941 1431 1986 movendi
1461 1945 1585 2004 quod

183 2009 368 2064 animat,
392 2015 468 2052 aut
484 2006 639 2051 eodem
666 2005 799 2050 modo
818 2021 994 2051 movere
1017 2017 1287 2054 commotum
1323 2013 1587 2062 extrinsecus

182 2083 326 2124 aerem
350 2079 464 2123 auris
486 2093 593 2135 suae,
624 2092 713 2138 quo
734 2077 942 2122 movebat
968 2087 1207 2140 antequam
1239 2081 1495 2130 illaberetur
1515 2104 1589 2134 so-

184 2152 293 2195 nus?
307 2153 359 2194 D.
385 2152 483 2194 Non
499 2147 769 2193 videturnisi
781 2147 919 2193 aliter.
941 2152 1002 2194 M.
1021 2151 1114 2196 Hoc
1130 2166 1233 2211 ergo
1253 2151 1377 2199 aliter
1394 2171 1584 2216 movere,

185 2236 334 2267 nonne
367 2219 597 2265 fatendum
632 2228 697 2264 est
738 2217 881 2264 facere
918 2235 1034 2278 esse,
1067 2237 1157 2267 non
1188 2224 1378 2283 patiPD.
1408 2230 1473 2273 Ita
1508 2241 1585 2276 est.

186 2297 248 2339 M.
269 2295 368 2337 Nou
388 2292 520 2350 igitur
543 2290 732 2335 absurde
750 2290 966 2336 credimus
991 2302 1136 2338 motus
1155 2310 1254 2340 suos
1278 2297 1467 2343 animam
1485 2337 1495 2356 ‚
1522 2304 1593 2348 vol

198 2365 391 2410 actiones
410 2399 420 2419 ,
435 2362 505 2407 vcl
523 2362 819 2423 operationes,
846 2362 915 2407 vel
939 2364 972 2407 si
989 2380 1077 2425 quo
1096 2364 1179 2410 alio
1203 2368 1382 2414 nomine
1401 2387 1598 2420 commo-

190 2437 287 2483 dius
310 2434 548 2495 significari
565 2443 764 2495 possunt,
791 2440 879 2478 non
899 2434 1032 2480 latere
1050 2453 1150 2482 cum
1170 2440 1315 2485 sentit.

253 2510 357 2553 XII.
390 2508 469 2550 Hac
493 2515 637 2550 autem
666 2506 941 2566 operationes
963 2507 1031 2552 vcl
1061 2509 1412 2567 przccedcutibus
1436 2532 1593 2579 corpo-

392 2589 514 2619 cvtu.
1384 2588 1431 2628 31
