1888 3168
643 151 698 180 DE
730 149 885 180 MUSICA
919 152 1002 180 Lm.
1040 152 1099 179 v1.
1483 138 1565 176 507

170 218 253 263 bns
289 216 431 262 modis
452 217 572 278 paria
600 217 778 277 paribus
802 217 966 261 tributa
996 230 1086 261 esse
1115 213 1449 274 cognoscimus?
1478 215 1588 258 Hoc·

170 292 216 335 in
238 289 444 335 odoribus
466 289 572 334 etin
590 289 816 349 saporibus
838 323 848 343 ,
866 296 909 332 et
930 287 976 331 in
994 284 1204 346 tangendi
1226 300 1357 331 sensu
1374 283 1572 330 animad-

170 370 338 407 vertere
358 360 484 416 licet,
507 376 607 421 quaa
627 359 812 420 longum
840 368 905 404 est
932 357 1202 403 enucleatius
1233 356 1460 417 persequi,
1494 356 1572 400 scd

170 431 398 493 explorare
421 429 680 476 facillimum
707 449 716 476 :
737 430 847 475 nihil
869 429 986 474 enim
1003 437 1066 473 est
1087 428 1246 472 horum
1269 425 1539 471 sensibilium
1559 461 1570 482 ,

169 502 292 565 quod
313 503 437 548 nobis
466 517 558 547 non
590 501 841 564 aequalitate
864 511 941 546 aut
961 497 1247 546 similitudine
1275 497 1460 558 placeat.
1489 496 1573 542 Ubi

170 584 316 620 autem
338 573 565 635 aequalitas
603 584 680 619 aut
713 573 981 628 similitudo,
1012 571 1074 616 ibi
1106 570 1395 615 numerositas
1421 587 1431 614 ι
1461 567 1573 612 nihil

168 655 232 690 est
248 645 414 707 quippe
437 654 525 690 tam
548 644 719 706 aequale
737 653 814 689 aut
838 643 977 690 simile
1006 657 1141 705 quam
1165 656 1306 686 unum
1329 650 1374 685 et
1394 655 1534 685 unum
1561 657 1570 685 ;

173 718 257 763 nisi
279 717 389 778 quid
404 718 539 763 habes
557 717 613 762 ad
632 718 742 762 haec.
766 720 818 762 D.
837 717 1030 762 Omnino
1048 714 1271 760 assentior.

228 790 438 834 XXXIX.
465 791 526 833 M.
553 787 687 844 Quid,
713 788 911 849 superior
928 787 1001 833 illa
1026 786 1224 832 tractatio
1241 798 1389 830 nonne
1403 797 1575 844 persua-

168 860 224 906 sit
244 860 373 906 nobis
395 875 520 920 agere
533 861 628 906 haec
651 861 843 905 animam
859 861 905 906 in
922 860 1198 921 corporibus,
1217 873 1308 904 non
1331 873 1355 903 a
1376 856 1574 917 corpori-

168 932 251 977 bus
271 932 394 992 pati?
416 934 468 977 D.
488 933 704 978 Persuasit
720 947 839 977 sane.
858 935 918 978 M.
938 935 1073 977 Amor
1088 931 1222 991 igitur
1245 927 1401 989 agendi
1418 927 1574 973 adver-

167 1019 239 1048 sus
273 1002 557 1048 succedentes
590 1004 809 1064 passiones
831 1004 1025 1064 corporis
1048 1003 1114 1048 sui
1148 996 1306 1048 avertit
1333 1001 1524 1045 animam
1552 1014 1575 1043 a

168 1075 540 1135 contemplatione
563 1084 846 1132 aeternorum,
872 1074 1084 1120 sensibilis
1101 1073 1340 1135 voluptatis
1362 1088 1464 1118 cura
1484 1072 1576 1132 ejus

167 1161 354 1192 avocans
378 1146 670 1191 intentionem
691 1166 699 1192 :
718 1148 803 1192 hoc
825 1156 972 1192 autem
986 1147 1075 1206 agit
1096 1144 1400 1192 occursoribus
1418 1157 1577 1188 nume-

170 1219 240 1262 ris.
266 1217 437 1263 Avertit
452 1218 582 1262 etiam
602 1233 723 1264 amor
735 1218 790 1263 de
803 1217 1060 1278 corporibus
1083 1215 1316 1278 operandi,
1339 1223 1382 1259 et
1403 1214 1578 1275 inquie-

170 1298 260 1334 tam
275 1288 400 1334 facit:
416 1289 500 1334 hoc
517 1298 662 1333 autem
675 1289 765 1347 agit
776 1287 1127 1347 progressoribus
1141 1286 1578 1331 numerisAvertunt

168 1360 410 1420 phantasiae
431 1369 563 1418 atque
585 1359 890 1418 phantasmata
918 1377 927 1403 ι
954 1367 998 1403 et
1014 1358 1109 1403 haec
1132 1358 1221 1416 agit
1232 1355 1578 1402 recordabilibus

170 1430 377 1475 numeris.
415 1430 587 1474 Avertit
628 1429 819 1490 denique
857 1445 978 1474 amor
1030 1429 1275 1474 vanissimae
1314 1428 1577 1488 cognitionis

170 1501 324 1546 talium
349 1515 497 1545 rerum
534 1520 543 1546 2
569 1509 613 1545 et
646 1501 733 1546 hoc
758 1501 846 1560 agit
878 1500 1151 1546 sensualibus
1173 1500 1389 1555 numeris,
1416 1499 1577 1560 quibus

170 1573 321 1617 insunt
333 1572 457 1633 quasi
476 1572 639 1631 regulae
653 1570 858 1632 quaedam
876 1572 977 1616 artis
988 1571 1233 1616 imitati0ne
1251 1570 1490 1630 gaudentes
1507 1589 1517 1616 ς
1533 1579 1578 1614 et

169 1658 223 1687 ex
249 1642 316 1687 his
339 1643 566 1688 curiositas
588 1643 783 1687 nascitur
800 1643 894 1702 ipso
909 1658 1029 1687 curae
1052 1642 1230 1688 nomine
1256 1641 1431 1686 inimica
1449 1656 1576 1686 secu-

170 1713 303 1769 ritati,
324 1723 368 1759 et
390 1713 584 1759 vanitate
604 1714 744 1774 impos
767 1713 976 1758 veritatis.

229 1787 323 1830 XL.
381 1785 603 1830 Generalis
645 1800 748 1831 vero
783 1800 904 1830 amor
941 1785 1123 1831 actionis
1140 1819 1152 1840 ‚
1203 1799 1304 1846 quae
1354 1784 1510 1830 avertit
1553 1801 1576 1830 a

169 1872 290 1913 vero,
328 1873 351 1902 a
382 1857 587 1918 superbia
616 1857 907 1917 proficiscitur
924 1892 935 1913 ,
973 1872 1063 1918 quo
1089 1856 1195 1902 vitio
1222 1858 1364 1901 Deum
1390 1855 1573 1911 imitari,

169 1943 307 1989 quam
330 1930 422 1973 Deo
444 1927 604 1972 servire
622 1928 766 1973 anima
788 1926 960 1973 maluit.
976 1931 1113 1973 Recte
1128 1927 1278 1988 itaque
1290 1922 1579 1987 scriptumest

170 2000 216 2045 in
237 2000 396 2045 sanctis
419 2000 561 2045 Libris
580 2019 588 2045 :
608 2019 629 2043 «
656 2001 837 2045 Initium
850 2000 1067 2061 superbiae
1080 1999 1270 2045 hominis
1288 2008 1532 2060 apostatare
1555 2015 1578 2043 a

175 2091 194 2112 »
220 2074 334 2127 Deo,
363 2089 383 2113 »
416 2080 485 2127 et,
513 2090 536 2113 «
564 2071 746 2116 Init1um
773 2071 913 2117 omnis
945 2072 1116 2132 peccati
1143 2070 1346 2132 superbia
1365 2073 1396 2115 1.
1426 2088 1446 2112 »
1478 2072 1577 2115 Non

171 2142 316 2201 potuit
332 2150 480 2186 autem
503 2140 657 2186 melius
676 2141 965 2187 demonstrari
990 2142 1099 2204 quid
1121 2143 1175 2187 sit
1201 2141 1418 2202 superbia,
1442 2157 1577 2202 quam

172 2213 218 2257 in
241 2228 293 2257 eo
315 2212 436 2274 quod
458 2213 520 2258 ibi
534 2212 703 2258 dictum
722 2222 786 2258 est
811 2232 818 2258 :
847 2232 866 2256 «
889 2213 1006 2268 Quid
1028 2214 1226 2275 superbit
1243 2223 1356 2258 terra
1379 2222 1422 2258 et
1440 2213 1573 2270 cinis,

175 2302 195 2326 »
223 2283 430 2344 quoniam
452 2284 498 2328 in
519 2284 608 2329 vita
630 2300 707 2328 sua
730 2284 913 2345 projecit
935 2285 1088 2330 intima
1105 2301 1181 2330 sua
1205 2286 1248 2330 2?
1273 2303 1293 2326 »
1316 2286 1430 2330 Cum
1457 2284 1575 2328 enim

173 2355 314 2398 anima
335 2369 411 2413 per
433 2370 476 2398 se
499 2355 635 2415 ipsam
659 2353 769 2399 nihil
787 2355 863 2414 sit,
888 2357 905 2414 (
922 2371 1012 2401 non
1031 2356 1148 2400 enim
1170 2355 1295 2400 aliter
1322 2365 1431 2400 esset
1451 2370 1573 2400 com—

171 2424 408 2481 mutabilis,
435 2434 478 2470 et
500 2435 725 2486 pateretur
748 2425 974 2472 defectum
993 2427 1048 2472 ab
1072 2428 1254 2474 essentia
1273 2447 1281 2473 2
1306 2429 1324 2485 )
1345 2443 1445 2473 cum
1469 2442 1574 2486 crgo

220 2518 229 2534 ¹
251 2511 356 2545 Eccle.
383 2522 426 2554 x,
450 2510 508 2554 14,
532 2511 583 2545 15.
608 2512 748 2546 -Ibid
769 2523 804 2556 9,
828 2524 879 2546 10.
