1888 3168
309 148 392 187 -196
748 154 781 182 s.
819 154 1048 183 Auous'rmi
1082 156 1261 183 EPISCOPI

304 225 496 268 ellicerct
515 235 742 276 numeros,
761 236 1004 282 eorumque
1027 236 1185 280 genera
1202 229 1244 264 et
1262 219 1462 265 ordinem
1485 236 1622 281 usque
1642 217 1697 265 ad

305 293 506 339 modulos
520 308 726 338 versuum
747 303 974 353 persecuta
996 301 1073 336 est.
1092 295 1316 336 Postremo
1331 290 1519 336 attendit
1532 291 1639 351 quid
1651 291 1697 335 in

304 366 370 410 his
393 362 693 418 moderandis,
720 363 972 424 operandis,
997 361 1256 418 sentiendis,
1293 360 1530 406 retinendis
1553 369 1699 420 ageret

306 437 449 482 anima
464 472 475 492 ,
495 437 618 496 cujus
636 444 767 496 caput
788 436 877 495 ipsa
895 443 1027 480 esset:
1047 435 1217 496 hosque
1232 449 1381 479 omnes
1395 431 1601 478 animales
1615 447 1700 476 nu-

307 524 446 554 meros
470 524 493 553 a
515 508 814 568 corporalibus
837 507 1076 567 separavit:
1096 521 1230 568 seque
1262 507 1400 567 ipsam
1427 506 1522 550 haec
1556 504 1701 550 omnia

307 596 451 642 neque
473 579 839 635 animadvertere,
861 594 1004 640 neque
1021 578 1288 638 distinguere
1301 613 1312 634 ,
1333 592 1476 638 neque
1491 584 1607 621 recte
1618 591 1702 620 nu-

308 667 497 707 merare,
518 652 610 696 sine
630 649 895 712 quibusdam
917 651 1003 694 suis
1025 649 1219 694 numeris
1249 648 1440 709 potuisse
1474 647 1700 706 cognovit,

309 739 470 785 eosque
485 723 651 768 caeteris
663 720 880 767 inferioris
899 721 1062 766 ordinis
1074 720 1303 782 judiciaria
1318 719 1509 781 quadam
1521 718 1704 763 aestima-

311 796 430 840 tione
455 793 708 856 praeposuit.

370 869 536 910 XXVI.
571 867 628 910 Et
645 880 763 909 nunc
780 880 881 909 cum
894 864 986 924 ipsa
999 879 1076 909 sua
1092 862 1380 909 delectatione
1392 899 1402 919 ,
1420 864 1578 925 quaein
1596 872 1706 908 tem—

313 953 470 998 porum
491 945 714 982 momenta
732 936 986 996 perpendit,
1005 944 1047 980 et
1066 935 1226 980 talibus
1240 935 1432 980 numeris
1450 934 1708 979 modifican-

314 1009 378 1054 dis
401 1018 534 1053 nutus
558 1024 658 1053 suos
675 1007 876 1063 exhibet,
898 1008 957 1053 sic
971 1007 1085 1067 agit·⁷
1107 1007 1217 1068 quid
1232 1017 1296 1052 est
1318 1006 1440 1068 quod
1455 1007 1501 1051 in
1517 1005 1708 1050 sensibili

315 1080 626 1124 numerositate
669 1077 917 1137 diligimus?
953 1094 1060 1123 num
1093 1078 1213 1123 aliud
1249 1088 1408 1138 praeter
1447 1077 1709 1138 parilitatem

316 1150 553 1211 quamdam
568 1159 611 1194 et
631 1148 858 1210 aequaliter
875 1148 1071 1194 dimensa
1086 1149 1342 1195 intervalla?
1356 1152 1425 1193 An
1445 1148 1518 1192 ille
1540 1148 1711 1208 pyrrhi-

317 1223 441 1267 chius
454 1237 528 1282 pes
542 1257 552 1277 ,
579 1222 667 1266 sive
690 1220 908 1281 spondeus
924 1257 934 1277 ,
956 1221 1043 1266 sive
1077 1230 1344 1281 anapaestus,
1364 1219 1450 1264 sive
1482 1219 1683 1278 dactylus
1697 1254 1708 1276 ,

317 1295 405 1339 sive
418 1293 807 1355 proceleumaticus
819 1329 829 1349 ,
848 1294 936 1337 sive
950 1293 1214 1354 dispondeus
1230 1310 1307 1338 nos
1322 1292 1445 1337 aliter
1458 1292 1710 1347 delectaret,

319 1367 399 1410 nisi
426 1375 597 1426 partem
620 1380 743 1409 suam
774 1363 887 1424 parti
907 1363 1031 1407 alteri
1054 1364 1211 1424 aequali
1233 1365 1443 1410 divisione
1466 1364 1715 1409 conferret?

320 1436 439 1488 Quid
468 1452 572 1480 vero
606 1435 799 1490 iambus,
822 1434 1064 1489 trochaeus,
1096 1433 1340 1477 tribrachus
1374 1433 1715 1493 pulchritudinis

319 1503 488 1546 habent
502 1536 512 1553 ,
533 1501 615 1544 nisi
633 1504 755 1560 quod
767 1505 934 1547 minore
951 1520 1027 1548 sua
1042 1513 1164 1564 parte
1178 1505 1388 1565 majorem
1403 1518 1524 1548 suam
1548 1513 1716 1561 partem

322 1574 367 1616 in
392 1581 531 1616 tantas
554 1571 662 1615 duas
683 1570 911 1631 aequaliter
933 1571 1165 1615 dividunt?
1187 1576 1285 1615 Jam
1306 1587 1437 1632 porro
1459 1587 1529 1616 sex
1552 1581 1718 1633 tempo-

322 1659 419 1687 rum
442 1642 575 1703 pedes
591 1678 601 1698 ,
619 1658 726 1686 num
750 1641 928 1686 aliunde
945 1641 1149 1687 blandius
1172 1652 1329 1688 sonant
1345 1653 1476 1705 atque
1499 1642 1713 1700 festivius,

321 1715 401 1760 nisi
412 1714 532 1775 quod
540 1723 726 1774 utraque
740 1713 834 1772 lege
847 1714 1115 1774 partiuntur,
1131 1713 1295 1760 scilieet
1307 1724 1382 1760 aut
1396 1716 1442 1760 in
1455 1715 1563 1761 duas
1576 1732 1719 1777 aequa-

320 1785 382 1830 les
399 1795 541 1846 partes
554 1794 677 1830 terna
700 1794 896 1845 tempora
910 1785 1180 1845 possidentes
1191 1821 1201 1841 ,
1219 1795 1294 1830 aut
1311 1786 1356 1830 in
1370 1802 1502 1831 unam
1521 1787 1718 1847 simplam

323 1873 374 1901 ex
396 1856 639 1917 aequalibus
657 1864 840 1915 partem,
859 1865 902 1899 et
928 1855 1108 1901 alteram
1130 1856 1327 1917 duplam,
1347 1857 1392 1902 id
1416 1867 1494 1913 est,
1515 1867 1565 1902 ut
1581 1859 1720 1918 major

324 1928 485 1972 habeat
507 1928 571 1972 bis
594 1928 807 1972 minorem
821 1962 832 1983 ,
858 1936 902 1971 et
924 1943 975 1972 eo
998 1927 1130 1973 modo
1154 1928 1208 1973 ab
1231 1928 1304 1973 illa
1326 1928 1546 1974 dividatur
1568 1946 1720 1990 aequa-

323 1999 442 2054 liter,
469 1998 643 2044 duobus
662 1999 933 2058 temporibus
947 2008 1138 2060 quatuor
1157 2008 1352 2060 tempora
1371 2000 1417 2044 in
1438 2000 1542 2045 bina
1565 1999 1718 2045 deme-

325 2071 460 2115 tiente
483 2086 532 2115 ac
554 2072 753 2114 secante?
776 2069 893 2123 Quid
914 2069 978 2114 illi
996 2071 1182 2131 quinum
1209 2081 1528 2132 septenumque
1546 2081 1718 2131 tempo-

325 2157 422 2185 rum
441 2140 573 2200 pedes
585 2176 595 2195 ,
616 2140 735 2184 unde
753 2139 908 2184 solutae
931 2141 1117 2185 orationi
1130 2176 1140 2197 ,
1153 2157 1290 2202 quam
1306 2141 1502 2186 versibus
1514 2141 1721 2186 videntur

327 2212 534 2271 aptiores,
561 2210 641 2255 nisi
666 2209 788 2271 quod
825 2226 976 2255 eorum
998 2227 1095 2271 pars
1117 2212 1261 2254 minor
1282 2210 1327 2254 in
1367 2219 1510 2270 partes
1531 2211 1721 2273 aequales

328 2283 537 2342 majorem
559 2297 647 2325 non
673 2280 858 2325 dividit?
881 2291 923 2325 et
948 2282 991 2324 hi
1010 2290 1154 2324 tamen
1186 2281 1265 2340 ipsi
1288 2280 1406 2325 unde
1429 2282 1722 2328 admittuntur

328 2353 373 2396 in
405 2353 471 2397 sni
503 2353 670 2411 generis
694 2352 845 2395 ordine
879 2352 935 2396 ad
972 2360 1219 2412 temporum
1242 2353 1619 2410 numerositatem,
1640 2355 1722 2399 nisi

326 2425 427 2485 quia
447 2434 489 2468 ct
512 2425 555 2468 in
577 2425 773 2485 quinque
796 2423 1066 2483 temporibus
1083 2432 1226 2469 tantas
1249 2422 1356 2468 duas
1379 2424 1611 2484 particulas
1640 2426 1721 2470 ha-

326 2496 402 2540 bet
425 2511 521 2556 pars
545 2496 709 2551 minor,
736 2504 921 2555 quantas
943 2495 1081 2556 major
1108 2503 1192 2539 tres
1208 2529 1219 2551 ,
1249 2503 1294 2540 et.
1314 2495 1359 2539 in
1380 2505 1546 2556 septem
1581 2505 1722 2542 tantas
