1852 3163
300 225 381 264 11ss
739 236 771 262 s.
810 234 1038 263 uersum
1071 235 1251 263 Emscom

293 301 667 360 robustioremque
684 300 774 344 fieri
790 300 1010 345 videmus?
1025 301 1382 346 Assenticbantur
1395 310 1550 361 praeter
1563 303 1674 359 Try-

293 373 472 432 getium.
493 371 566 416 Ait
589 372 726 416 enim:
751 374 840 417 Cur
863 387 963 430 ergo
986 388 1075 417 11011
1093 388 1171 432 pro
1194 371 1405 417 edacitate
1423 387 1517 416 mea
1535 372 1676 417 crevi?

291 442 496 498 Modum,
528 443 730 503 inquam,
775 459 902 486 suum
933 459 956 487 a
998 452 1155 487 natura
1187 443 1472 487 constitutum
1511 442 1677 488 habent

291 513 435 558 omnia
452 529 630 572 corpora
643 548 653 567 ,
675 512 788 557 ultra
804 529 934 573 quam
951 529 1197 557 mensuram
1216 513 1418 574 progredi
1438 523 1673 574 nequeant,

290 594 437 629 tamen
455 601 502 628 ca
515 600 714 629 mensura
727 584 893 628 minora
918 594 1056 628 essent
1077 584 1181 628 sicis
1202 585 1405 629 alimenta
1419 583 1672 641 defuissent,

289 656 461 717 quodet
478 658 521 701 in
538 656 767 716 pecoribus
786 655 954 700 facilius
967 656 1362 701 animadvertimus.
1379 660 1436 702 Et
1458 673 1586 702 nemo
1599 657 1678 701 du·-

287 727 399 771 bitat
432 727 536 771 cibis
568 726 801 772 subtractjs
830 727 1030 770 omnium
1058 728 1347 772 animantium
1376 743 1558 788 corpora
1584 744 1678 773 ma-

283 814 488 843 crescere.
524 802 813 853 Macrescere,
839 798 983 859 inquit
1014 798 1232 843 Licentius
1248 834 1258 854 ,
1285 815 1374 844 11011
1409 798 1673 844 (1001050010.

286 871 394 916 Satis
411 880 474 915 est
490 870 618 926 mihi,
644 870 823 931 inquam
837 906 847 925 ,
874 870 931 915 ad
950 869 994 914 id
1013 871 1134 931 quod
1155 870 1272 916 volo.
1298 871 1473 916 Etenim
1495 871 1677 933 quaestio

283 951 368 998 cst,
400 952 549 987 utrum
575 941 630 986 ad
663 958 820 1002 corpus
848 941 971 986 cibus
995 942 1224 1002 pertineat.
1263 943 1458 988 Pertinet
1498 952 1644 988 autem
1662 978 1674 999 ,

282 1030 384 1060 cum
417 1031 469 1060 eo
497 1013 718 1060 subducto
747 1014 803 1060 ad
824 1015 1009 1061 maciem
1031 1013 1280 1060 deducitur.
1307 1016 1469 1061 Omnes
1496 1016 1557 1062 ita
1587 1031 1678 1061 0550

281 1095 560 1132 00115110111111.

565 1307 759 1351 Animoe
791 1322 978 1365 quoque
1010 1322 1122 1351 suus
1154 1315 1225 1352 est
1251 1302 1394 1351 cibus.

340 1431 464 1474 VIII.
481 1431 594 1483 an
608 1445 711 1489 ergo
728 1430 886 1486 anima,
898 1430 1095 1491 inquam,
1112 1429 1308 1475 nulla-ne
1323 1429 1458 1474 habet
1474 1428 1679 1474 alimenta

277 1500 479 1561 propria?
501 1503 570 1544 An
593 1502 684 1560 ejus
696 1516 791 1545 esca
813 1501 989 1545 scientia
1002 1501 1126 1546 vobis
1141 1500 1344 1545 videtur?
1365 1500 1516 1556 Plane,
1533 1499 1679 1561 inquit

278 1581 440 1627 mater,
466 1570 587 1615 nulla
609 1587 654 1615 re
677 1570 758 1616 alia
781 1571 911 1615 credo
931 1571 988 1616 ali
1012 1573 1201 1616 animam
1219 1570 1591 1633 quamintellectu
1614 1586 1679 1616 re-

276 1659 377 1687 rum
399 1652 530 1703 atque
558 1642 750 1687 scientia.
774 1646 837 1687 De
861 1660 947 1704 qua
969 1643 1181 1687 sententia
1218 1658 1319 1687 cum
1343 1642 1569 1700 Trygetius
1591 1641 1678 1686 du-

275 1716 402 1760 bium
443 1731 486 1760 se
524 1714 797 1760 ostenderet:
825 1715 987 1771 Hodie,
1013 1716 1159 1776 inquit
1190 1714 1286 1771 1113,
1314 1724 1364 1759 111
1401 1715 1491 1774 ipse
1529 1730 1677 1770 nonne

278 1787 464 1833 docuisti
483 1824 492 1843 ‚
510 1787 629 1832 unde
652 1797 727 1831 aut
741 1787 816 1832 ubi
831 1788 973 1831 anima
991 1797 1193 1847 pascatur
1207 1789 1224 1831 Ξ)
1240 1789 1351 1833 Nam
1362 1796 1459 1847 post
1481 1785 1676 1847 aliquan-

278 1868 367 1904 tam
391 1858 562 1919 prandii
580 1868 749 1918 partem
772 1868 813 1902 te
836 1857 977 1902 dixisti
1007 1874 1097 1902 non
1128 1858 1359 1903 advertisse
1388 1874 1476 1918 quo
1493 1857 1671 1903 vasculo

276 1940 522 1985 uteremur,
541 1930 662 1991 quod
681 1929 762 1974 alia
785 1929 928 1973 nescio
953 1945 1051 1989 quae
1075 1929 1327 1986 cogitasses,
1354 1945 1435 1973 nec
1456 1938 1603 1973 tamen
1618 1929 1674 1973 ab

276 2002 370 2062 ipsa
393 2001 593 2046 ciborum
614 2010 738 2060 parte
761 2000 1031 2044 abstinueras
1051 2015 1205 2043 manus
1223 2009 1355 2060 atque
1378 2015 1561 2044 morsus.
1589 1999 1674 2043 Ubi

274 2074 409 2133 igitur
432 2082 523 2117 erat
555 2072 724 2116 animus
759 2081 882 2126 tuus,
912 2087 1001 2131 quo
1036 2080 1232 2131 tempore
1257 2069 1369 2114 illud
1407 2079 1446 2114 10
1473 2079 1674 2114 vescente

274 2160 364 2188 non
382 2142 659 2196 attendebat,
683 2141 786 2185 inde
801 2140 1073 2195 mihicrede,
1095 2150 1138 2184 et
1161 2140 1320 2185 talibus
1344 2139 1482 2199 epulis
1502 2140 1672 2184 animus

274 2215 487 2275 pascitur,
514 2212 559 2257 id
587 2223 651 2257 051
672 2213 850 2257 theoriis
880 2221 923 2256 et
945 2199 1280 2270 cogitationibus
1309 2211 1417 2266 suis,
1436 2210 1467 2255 51
1503 2226 1580 2270 per
1602 2226 1672 2255 eas

275 2285 442 2347 aliquid
465 2285 686 2345 percipere
704 2284 850 2344 possit.
873 2287 935 2328 De
954 2299 1039 2344 qua
1061 2299 1107 2327 re
1125 2298 1225 2327 011111
1238 2282 1493 2326 dubitanter
1507 2291 1672 2342 strepe-

277 2368 374 2403 rent
385 2394 396 2413 ,
414 2374 560 2402 11011110
572 2393 583 2412 ,
599 2357 778 2417 inquam
793 2392 803 2411 ,
824 2355 1060 2399 conceditis
1075 2355 1302 2399 hominum
1318 2353 1670 2399 doctissimorum

275 2431 441 2475 animos
464 2428 605 2474 multo
629 2443 718 2472 0550
735 2443 868 2488 quam
890 2427 1193 2487 imperitorum
1207 2425 1330 2487 quasi
1351 2426 1395 2469 in
1413 2442 1491 2471 suo
1514 2441 1670 2484 genere

273 2501 488 2561 pleniores
509 2510 639 2559 atque
657 2496 1162 2559 majores?Manifestum
1182 2513 1270 2541 esse
1289 2496 1505 2541 dixerunt.
1534 2492 1680 2552 Recef

272 2573 404 2632 igitur
426 2571 609 2616 dicimus
631 2585 780 2615 eorum
796 2570 982 2625 animos,
1001 2567 1077 2630 qui
1100 2568 1231 2613 nullis
1250 2567 1486 2629 disciplinis
1502 2567 1665 2613 eruditi
