1888 3168
309 186 392 224 508
741 196 775 224 s.
812 193 1041 226 ,mensum
1077 196 1259 226 Emscom

303 262 397 320 ipsa
419 275 495 320 per
515 274 559 305 se
576 260 685 305 nihil
698 261 767 318 sit,
783 262 1002 324 quidquid
1016 271 1163 308 autem
1182 262 1245 307 illi
1259 277 1350 308 esse
1367 273 1452 321 est,
1472 281 1495 310 a
1516 268 1606 312 Deo
1624 268 1694 323 sit,

306 334 352 377 in
381 332 533 377 ordine
559 349 637 378 suo
666 349 844 380 manens
877 335 1010 395 ipsius
1038 335 1115 380 Dei
1140 335 1371 395 praesentia
1401 346 1628 396 vegetatur
1655 339 1701 382 in

304 413 451 448 mente
466 414 597 466 atque
605 407 881 451 conscientia.
898 407 1141 468 Itaquehoc
1155 407 1321 452 bonum
1331 408 1465 452 vhabet
1477 408 1696 455 intimum.

305 477 448 528 Quare
466 477 669 536 superbia
682 478 987 533 intumescere,
1004 477 1232 523 hocilliest
1246 478 1290 522 in
1306 479 1464 523 extima
1480 478 1698 539 progredi,

305 555 370 602 ct,
396 556 446 591 ut
473 547 532 591 ita
557 546 720 603 dicam,
745 547 993 592 inanescere
1009 583 1020 604 ,
1050 547 1172 610 quod
1204 558 1268 593 est
1293 550 1436 593 minus
1470 549 1702 610 minusque

304 632 407 662 esse.
427 619 634 677 Progredi
657 629 803 663 autem
826 620 870 664 in
885 619 1056 675 eitima,
1075 619 1184 680 quid
1198 628 1261 663 est
1271 619 1389 664 aliud
1403 635 1535 681 quam
1548 620 1700 665 intima

303 690 538 750 projicere,
569 690 614 735 id
637 700 724 746 est,
755 690 885 750 longe
908 708 931 736 a
951 706 996 736 se
1026 691 1167 736 facere
1190 693 1352 748 Deum,
1385 708 1474 737 non
1503 690 1700 738 locorum

303 762 458 821 spatio,
480 763 555 807 scd
578 762 736 807 mentis
760 762 949 808 affectu?

362 835 477 878 XLI.
503 837 587 878 Iste
625 843 771 879 autem
801 834 957 879 animae
985 835 1202 896 appetitus
1238 843 1302 880 est
1335 834 1416 880 sub
1454 850 1498 880 se
1535 835 1700 880 habere

303 903 404 948 alias
435 904 621 960 animas,
647 921 737 950 non
768 921 1000 966 pecorum,
1028 922 1136 967 quas
1159 906 1309 952 divino
1324 907 1423 967 jure
1445 921 1699 952 concessum

302 983 380 1029 est,
408 973 483 1019 sed
506 975 759 1032 rationales,
785 976 832 1021 id
859 986 944 1033 est,
975 977 1191 1037 proximas
1222 993 1341 1033 suas,
1368 986 1412 1021 et
1439 977 1520 1021 sub
1547 976 1700 1021 eadem

300 1043 395 1103 lege
418 1045 552 1091 socias
570 1055 702 1107 atquc
725 1056 961 1092 consortes.
998 1051 1060 1092 De
1079 1048 1145 1092 his
1168 1057 1315 1093 autem
1345 1047 1511 1108 appetit
1532 1046 1700 1107 operari

301 1116 445 1162 anima
473 1119 682 1178 superba,
709 1129 754 1164 et
781 1129 904 1165 tanto
932 1118 1212 1165 excellentior
1233 1118 1407 1165 videtur
1434 1120 1529 1164 haec
1557 1118 1695 1173 actio,

299 1202 434 1246 quam
456 1187 531 1232 illa
552 1188 606 1233 de
628 1190 883 1250 corporibus
899 1225 910 1246 ,
935 1199 1102 1251 quanto
1128 1190 1271 1234 anima
1293 1190 1434 1235 omnis
1460 1190 1581 1235 omni
1602 1204 1700 1234 cor-

299 1273 406 1317 pore
428 1268 490 1302 est
520 1259 689 1305 melior.
719 1261 805 1306 Sed
829 1263 998 1320 operari
1024 1261 1079 1306 de
1102 1262 1254 1306 animis
1275 1260 1582 1317 rationalibus,
1608 1276 1699 1306 non

298 1343 376 1387 per
395 1344 568 1389 corpus,
594 1329 670 1374 sed
694 1345 768 1389 per
785 1345 829 1374 se
850 1331 1010 1390 ipsum,
1036 1328 1152 1374 solus
1168 1335 1284 1376 Deus
1304 1341 1462 1392 potest.
1490 1335 1699 1377 Peccato-

299 1415 396 1443 rum
411 1409 557 1444 tamen
568 1400 819 1445 conditione
830 1401 895 1456 fit,
913 1410 964 1446 ut
975 1401 1285 1461 permittantur
1302 1404 1458 1445 animae
1476 1401 1532 1445 de
1545 1402 1697 1447 animis

300 1470 467 1532 aliquid
486 1487 609 1530 agere
633 1472 916 1530 significando
939 1488 1008 1517 eas
1030 1482 1254 1518 moventes
1274 1489 1352 1533 per
1374 1472 1582 1518 alterutra
1601 1489 1698 1518 cor-

296 1558 403 1602 pora
420 1578 430 1598 ‚
463 1543 533 1588 vel
564 1544 837 1588 naturalibus
859 1544 990 1604 signis
1008 1580 1018 1599 ,
1049 1545 1161 1589 sicut
1185 1554 1248 1589 est
1268 1544 1417 1589 vultus
1447 1544 1518 1590 vel
1539 1554 1694 1601 nutus,

297 1613 367 1658 vel
385 1613 572 1673 placitis,
597 1614 708 1659 sicut
731 1624 833 1659 sunt
850 1615 998 1659 verba.
1016 1617 1126 1660 Nam
1140 1624 1182 1658 et
1190 1615 1395 1675 jubentes
1409 1624 1453 1660 et
1466 1615 1696 1661 suadentes

296 1684 428 1743 signis
452 1694 604 1743 agunt,
626 1695 669 1730 et
685 1685 720 1730 si
744 1685 851 1746 quid
874 1694 938 1730 est
960 1684 1080 1729 aliud
1096 1695 1256 1745 praeter
1268 1687 1509 1746 jussionem
1529 1695 1571 1732 et
1593 1702 1695 1732 sua-

296 1755 489 1811 sionem,
533 1771 622 1817 quo
656 1756 812 1801 animae
842 1756 897 1801 de
935 1756 1087 1800 animis
1114 1757 1183 1801 vel
1213 1772 1315 1801 cum
1344 1758 1497 1802 animis
1530 1757 1695 1819 aliquid

296 1834 446 1883 agunt.
469 1828 493 1871 J
497 1841 574 1871 ure
595 1835 743 1871 autem
765 1835 964 1872 secutum
993 1836 1078 1883 est,
1104 1836 1154 1871 ut
1182 1843 1282 1888 quae
1304 1828 1507 1888 superbia
1530 1830 1694 1873 caeteris

295 1896 506 1941 excellere
535 1897 791 1957 cupierunt,
821 1913 901 1942 nec
931 1898 1017 1942 suis
1048 1897 1245 1957 partibus
1277 1907 1409 1958 atque
1437 1899 1693 1959 corporibus

294 1967 386 2012 sine
417 1966 677 2013 difficultate
703 1977 746 2012 et
766 1968 994 2013 doloribus
1019 1968 1257 2028 imperent,
1291 1969 1449 2029 partim
1476 1969 1622 2014 stultae
1648 1970 1693 2014 in

293 2057 354 2096 se,
379 2041 540 2102 partim
563 2040 822 2084 mortalibus
852 2040 1059 2084 membris
1088 2049 1348 2100 aggravatae.
1386 2043 1444 2085 Et
1463 2041 1532 2085 his
1559 2041 1693 2100 igitur

293 2113 485 2157 numeris
518 2121 562 2156 et
581 2112 773 2157 motibus
802 2112 963 2173 quibus
981 2112 1137 2156 animae
1163 2110 1218 2155 ad
1240 2112 1404 2156 animas
1425 2121 1581 2170 agunt,
1606 2113 1690 2158 ho-

293 2199 418 2229 nores
434 2183 673 2244 laudesque
691 2181 937 2242 appetendo
955 2190 1213 2227 avertuntur
1225 2197 1249 2225 a
1260 2182 1560 2241 perspectione
1568 2197 1690 2242 purae

291 2254 407 2299 illius
438 2264 481 2299 et
507 2255 684 2299 sincerae
706 2253 912 2298 veritatis.
946 2252 1072 2297 Solus
1093 2252 1209 2296 enim
1234 2253 1421 2297 honorat
1445 2256 1560 2298 Deus
1593 2255 1688 2298 ani-

291 2342 430 2382 mam,
467 2326 639 2371 beatam
668 2324 828 2370 faciens
861 2325 905 2369 in
933 2323 1105 2370 occulto
1139 2339 1284 2369 coram
1322 2340 1366 2369 se
1397 2325 1513 2385 juste
1544 2334 1588 2369 et
1617 2326 1687 2385 pie

290 2399 526 2443 viventem.

349 2471 488 2513 XLII.
529 2471 673 2513 Motus
710 2468 841 2526 igitur
877 2482 987 2529 quos
1023 2467 1155 2511 exerit
1183 2468 1325 2512 anima
1368 2466 1423 2511 de
1466 2467 1685 2511 inhaeren-

292 2540 406 2585 tibus
430 2540 509 2587 sibi
533 2549 573 2586 ct
592 2539 775 2587 subditis
795 2539 963 2595 animis,
984 2538 1331 2600 progressoribus
1341 2537 1425 2584 illis
1448 2547 1547 2584 suut
1568 2539 1599 2583 si
1609 2539 1683 2582 mi-
