1883 3194
262 246 316 285 40
707 255 741 283 S.
779 256 1009 283 At'Gts'rrNI
1043 256 1225 282 Episcopi

263 325 411 384 eisquc
448 323 689 383 proveniat.
726 325 879 384 quue
914 324 989 379 fit,
1022 331 1070 367 ut
1105 321 1468 368 Academicorum
1506 336 1650 375 arma,

260 395 438 457 quando
462 410 563 439 cum
586 395 645 440 eis
668 393 724 440 ad
744 410 900 440 manus
921 395 1110 449 venitur,
1127 409 1206 439 nec
1220 392 1514 439 mediocribus
1536 392 1652 447 viris,

259 465 338 512 sed
367 465 525 521 acutiS‚
556 474 601 510 et
638 466 751 510 bene
782 464 983 521 eruditis,
1021 465 1182 510 invicta
1212 473 1256 509 et
1288 463 1412 525 quasi
1442 461 1657 508 Vulcania

258 536 507 582 videantur.
533 537 832 591 Quamobrem
853 545 1006 582 contra
1026 535 1124 582 illos
1156 536 1317 581 fluctus
1352 533 1656 597 procellasque

255 610 473 665 fortunae,
505 624 608 654 cum
635 607 930 655 obtinendum
951 609 1080 653 remis
1102 607 1493 670 qualiumcumque
1513 606 1657 652 virtu-

257 691 370 738 tum,
396 690 493 726 tum
510 680 723 741 imprimis
740 680 941 726 divinum
959 679 1170 726 auxilium
1191 679 1312 726 omni
1336 678 1570 724 devotione
1592 686 1658 723 at·-

255 768 344 814 que
372 752 534 814 pietate
554 751 883 813 implorandum
905 761 984 810 est,
1014 761 1066 797 ut
1096 752 1284 798 intentio
1309 749 1659 797 constantissima

256 825 481 869 bonorum
514 821 762 869 studiorum
797 832 945 869 teneat
975 839 1152 869 cursum
1187 839 1338 879 suum,
1377 838 1402 868 a
1434 837 1525 884 quo
1562 835 1661 866 eam

256 895 408 940 nullus
423 910 547 940 casus
567 894 774 951 excutiat,
799 894 1036 956 quominus
1068 894 1190 940 illam
1218 893 1508 955 philosophiae
1532 891 1663 938 tutis-

257 967 392 1013 simus
409 965 842 1028 jucundissimusque
863 975 1016 1027 portus
1050 965 1248 1027 accipiat.
1280 967 1386 1011 Haec
1412 964 1553 1025 prima
1585 971 1663 1007 tua

256 1054 387 1084 causa
418 1047 503 1094 est,
535 1037 641 1082 hinc
662 1037 744 1082 tibi
765 1047 943 1094 metuo,
971 1037 1076 1083 hinc
1108 1047 1152 1083 te
1174 1037 1305 1098 cupio
1326 1035 1532 1091 liberari,
1557 1035 1662 1079 hinc

256 1108 470 1169 (simodo
492 1109 650 1168 dignus
671 1108 754 1154 sim
778 1109 855 1171 qui
876 1109 1135 1170 impetrem)
1157 1107 1429 1172 quotidianis*
1445 1106 1558 1153 votis
1581 1121 1662 1150 au-

259 1196 328 1226 ras
362 1179 444 1225 tibi
483 1195 712 1240 prosperas
747 1195 870 1225 orare
902 1196 994 1226 non
1028 1195 1175 1238 cesso3
1215 1195 1293 1225 oro
1337 1187 1486 1223 autem
1524 1176 1665 1238 ipsam

258 1252 420 1296 summi
454 1252 533 1296 Dei
564 1252 777 1298 virtutem
809 1261 942 1313 atque
983 1251 1258 1312 sapientiam.
1296 1249 1416 1305 Quid
1449 1257 1515 1295 est
1545 1248 1665 1294 enim

261 1322 404 1380 aliud,
429 1339 564 1384 quem
585 1324 791 1381 mysteria
809 1323 936 1369 nobis
958 1322 1144 1368 tradunt
1164 1323 1244 1367 Dei
1265 1320 1443 1367 Filium.

319 1397 380 1440 ΙΙ.
405 1393 601 1439 Multum
630 1403 779 1439 autem
800 1409 871 1438 me
899 1393 1126 1455 adjuvabis
1147 1408 1229 1454 pro
1250 1401 1295 1438 te
1322 1393 1662 1454 deprecantem,

259 1467 296 1512 si
320 1482 411 1512 non
432 1482 512 1512 nos
534 1466 731 1511 exaudiri
758 1482 884 1526 posse
912 1465 1113 1526 desperes
1129 1501 1140 1522 ‚
1165 1466 1404 1527 nitarisque
1435 1465 1666 1511 nobiscum

261 1548 306 1585 et
327 1548 378 1583 tu
399 1554 490 1583 non
512 1537 655 1583 solum
675 1538 802 1594 votis,
819 1537 897 1582 sed
916 1538 1045 1583 etiam
1066 1538 1319 1594 voluntate,
1345 1547 1478 1599 atque
1494 1535 1569 1581 illa
1590 1546 1667 1582 tua

259 1609 450 1655 naturali
479 1610 635 1654 mentis
654 1608 887 1654 altitudine
903 1645 915 1665 ,
939 1618 1121 1670 propter
1151 1624 1285 1670 quam
1308 1618 1351 1654 te
1373 1624 1523 1670 quaero
1539 1643 1551 1664 ‚
1576 1624 1667 1670 qua

257 1680 537 1741 singulariter
561 1679 777 1736 delector,
799 1696 934 1742 quam
955 1695 1127 1741 semper
1149 1680 1362 1736 admiror,
1388 1696 1491 1741 quae
1522 1680 1569 1724 in
1592 1689 1635 1724 te
1652 1715 1664 1737 ‚

261 1754 373 1814 proh
397 1751 545 1797 nefas!
572 1751 656 1797 illis
670 1767 816 1796 rerum
840 1750 1180 1798 domesticarum
1210 1751 1407 1797 nubibus
1429 1751 1553 1812 quasi
1574 1750 1668 1796 ful-

258 1841 364 1870 men
384 1825 651 1887 involvitur,
684 1833 727 1870 et
748 1823 911 1869 multos
931 1841 979 1870 ac
1010 1840 1123 1885 pene
1151 1840 1301 1869 omnes
1329 1823 1464 1869 latet:
1489 1839 1561 1868 me
1585 1839 1667 1868 au·-

262 1908 374 1954 tem,
410 1907 454 1942 ct
483 1897 645 1953 alium,
675 1897 747 1941 vel
776 1898 957 1942 tertium
996 1896 1352 1942 familiarissimos
1386 1905 1486 1941 tuos
1531 1895 1667 1941 latere

264 1985 355 2015 non
373 1978 539 2030 potest,
565 1972 644 2030 qui
662 1984 778 2029 saepe
800 1985 891 2014 non
911 1969 1057 2014 solum
1078 1977 1246 2014 attente
1279 1967 1528 2012 audivimus
1544 1983 1669 2012 mur·-

263 2057 391 2086 mura
405 2050 497 2096 tua,
513 2040 591 2085 sed
605 2040 737 2085 etiam
756 2039 971 2085 nonnulla
989 2038 1164 2099 fulgura
1185 2038 1447 2085 fulminibus
1464 2039 1669 2100 propiora

265 2113 586 2174 conspeximus.
614 2112 720 2166 Quis
743 2112 883 2168 enim,
915 2121 966 2156 ut
987 2121 1145 2157 caetera
1167 2127 1247 2172 pro
1269 2120 1467 2171 tempore
1501 2119 1670 2155 taceam

266 2195 311 2229 et
333 2201 474 2230 unum
497 2199 862 2240 commemorem,
900 2183 1020 2245 quis,
1051 2183 1256 2244 inquam,
1289 2191 1378 2226 tam
1406 2180 1554 2226 subito
1581 2197 1670 2225 un-

145 2278 259 2313 Λ)
266 2273 401 2317 quam
415 2266 589 2301 tantum
601 2256 796 2301 intonuit
806 2291 817 2311 ⁷
839 2264 1097 2316 tantumque
1110 2254 1276 2299 lumine
1289 2251 1447 2297 mentis
1465 2253 1667 2310 emicuit,

266 2338 316 2373 ut
339 2328 421 2372 sub
444 2344 533 2372 uno
548 2328 729 2371 fremitu
752 2326 951 2381 rationis,
979 2336 1022 2371 et
1039 2326 1232 2387 quodam
1249 2324 1548 2372 coruscamine
1562 2333 1672 2368 tem-

264 2399 498 2462 perantiae,
530 2415 621 2443 uno
650 2398 720 2442 die
742 2397 837 2453 illa,
875 2397 1015 2458 pridie
1051 2397 1304 2451 saevissima,
1330 2395 1506 2456 penitus
1528 2395 1668 2441 libido

265 2472 536 2515 moreretur?
567 2472 768 2528 Ergo-ne
798 2485 889 2513 non
911 2477 1112 2528 erumpet
1140 2467 1379 2528 aliquando
1402 2467 1483 2512 ista
1504 2467 1665 2523 virtus,

268 2551 311 2585 et
334 2541 577 2587 multorum
611 2539 938 2600 desperantium
962 2540 1070 2584 risus
1097 2539 1145 2583 in
1169 2539 1396 2583 horrorem
1418 2548 1669 2598 stuporem-

266 2629 351 2672 que
370 2621 617 2667 convertet,
636 2621 678 2657 et
692 2610 837 2656 locuta
852 2611 895 2655 iu
916 2611 1039 2655 torris
1056 2610 1177 2670 quasi
1194 2610 1396 2670 quaedam
1418 2607 1668 2655 futurorum
