1888 3168
652 164 704 189 ni:
739 160 890 190 11031οΛ
925 163 1006 189 Lm.
1045 163 1104 188 vi.
1502 147 1579 186 471

196 321 336 338 mmmmm
340 319 550 337 'mmm
554 318 691 336 Wlwm'!
695 317 763 335 ww
769 316 1048 334 ᾺΜΝΙΔἋΜῚΑΝΜ
1054 315 1192 335 Μ’ὫἎ
1196 314 1584 334 ΜῚΜΜΜΜΝΝΜ

736 452 954 504 CAPUT
988 455 1055 502 ΙΙ.

194 590 435 638 Sonorum
456 591 644 635 numeri
672 587 957 650 quotuplz'ez's
981 588 1190 651 generis,
1211 596 1257 632 et
1277 602 1344 632 an
1366 583 1589 646 quodque

253 677 418 708 eorum
436 677 588 724 genus
620 662 723 706 sine
746 659 846 706 alio
870 676 972 706 esse
988 661 1158 721 possib.
1179 685 1238 695 --
1262 659 1486 704 Primam
1505 675 1590 722 ge-

253 749 344 778 nus
364 748 671 778 numerorum
699 733 747 777 in
771 733 874 792 ipso
896 747 1028 778 sono.
1057 758 1113 768 -
1131 727 1408 777 Seezcndmn
1436 745 1588 792 genus

254 806 304 849 z'n
327 805 432 865 ipso
450 820 592 849 sensu
619 801 876 849 audientis.

255 945 315 986 ΙΙ.
347 944 409 988 Μ.
436 944 717 996 QUAMOBREM
747 950 797 986 tu
819 956 920 986 cum
941 955 1033 1001 quo
1061 939 1168 984 mihi
1204 954 1324 984 nunc
1358 940 1469 984 ratio
1502 948 1587 992 est,

195 1010 417 1058 familiaris
437 1028 576 1068 meus,
595 1021 645 1057 ut
667 1029 690 1057 a
712 1012 930 1073 corporeis
950 1010 1005 1056 ad
1021 1011 1279 1071 incorporea
1301 1019 1589 1065 transeamus,

195 1085 431 1145 responde,
464 1085 498 1129 si
526 1083 722 1140 videtur,
748 1099 849 1130 cum
878 1084 1011 1128 istum
1032 1097 1206 1128 versum
1228 1082 1588 1143 pronuntiamus,

193 1155 328 1201 Deus
360 1165 556 1202 creator
583 1157 820 1212 omnium,
859 1156 962 1200 istos
993 1163 1184 1215 quatuor
1227 1153 1394 1198 iambos
1428 1153 1591 1214 quibus

194 1237 386 1284 constat,
411 1237 454 1272 et
476 1237 673 1288 tempora
705 1226 941 1272 duodecim
963 1225 1145 1271 ubinam
1167 1242 1258 1271 0330
1280 1225 1522 1281 arbitreris,
1547 1223 1591 1268 id

194 1309 279 1356 est,
298 1300 343 1343 in
374 1316 481 1345 sono
513 1309 687 1345 tantum
718 1300 793 1360 qui
826 1299 1020 1355 auditur,
1043 1315 1099 1343 an
1121 1299 1251 1343 etiam
1284 1299 1328 1342 in
1351 1312 1479 1342 sensu
1509 1313 1590 1341 au-

194 1371 349 1416 dientis
371 1372 448 1432 qui
481 1370 537 1416 ad
561 1387 685 1416 aures
716 1371 928 1431 pertinet,
950 1386 1006 1415 an
1034 1371 1081 1414 in
1113 1380 1215 1415 actu
1238 1370 1368 1415 etiam
1391 1385 1592 1430 pronun-

193 1443 362 1498 flantis,
399 1459 455 1488 an
488 1443 590 1503 quia
621 1452 752 1488 notus
784 1457 934 1488 versus
969 1451 1054 1497 est,
1090 1442 1135 1486 in
1172 1442 1381 1486 memoria
1414 1455 1593 1502 quoquo

190 1523 337 1559 nostra
353 1514 433 1559 1103
452 1530 658 1559 numeros
674 1529 763 1559 esse
780 1513 1015 1559 fatendum
1038 1522 1102 1557 est
1119 1514 1202 1556 ΡΙ).
1223 1515 1276 1556 In
1293 1512 1360 1557 his
1383 1512 1591 1557 omnibus

192 1594 317 1646 puto.
343 1589 404 1631 M.
425 1588 735 1645 Nusquam-ne
759 1583 975 1644 amplius?
993 1586 1044 1628 D.
1067 1583 1185 1637 Quid
1207 1583 1328 1627 aliud
1349 1593 1480 1628 restet
1501 1599 1593 1628 non

192 1656 344 1713 video⁷
370 1656 450 1701 nisi
484 1655 596 1701 forte
619 1655 800 1700 interior
821 1664 866 1699 et
897 1654 1095 1714 superior
1117 1654 1261 1716 aliqua
1292 1656 1356 1700 vis
1385 1655 1439 1700 sit
1471 1655 1591 1699 unde

193 1730 273 1773 ista
287 1728 549 1789 procedunt.
571 1730 633 1773 M.
659 1729 757 1773 Non
781 1742 862 1786 ego
884 1741 1035 1787 quaero
1058 1725 1166 1786 quid
1184 1725 1494 1787 suspicandum
1513 1727 1589 1771 sit:

193 1815 329 1861 quare
351 1800 385 1844 si
408 1800 502 1843 haec
520 1807 711 1860 quatuor
729 1812 887 1857 genera
911 1798 970 1841 ita
994 1796 1075 1841 tibi
1099 1807 1325 1858 apparent,
1346 1807 1397 1842 ut
1418 1797 1591 1842 nullum

193 1870 313 1916 aliud
335 1869 482 1916 videas
509 1869 632 1931 quod
653 1884 780 1930 aeque
802 1868 1086 1913 manifestum
1102 1870 1178 1925 sit,
1198 1868 1496 1915 discernamus
1514 1885 1588 1926 ea,

193 1943 227 1987 si
248 1941 408 2002 placet,
431 1942 488 1987 ab
511 1942 716 1997 invicem,
733 1949 777 1985 et
792 1940 1018 1985 videamus
1036 1949 1186 1985 utrum
1208 1940 1379 2001 singula
1394 1957 1484 1986 esse
1499 1942 1592 1986 sine

193 2014 380 2060 invicem
410 2013 591 2074 possint.
617 2015 728 2059 Nam
751 2011 881 2057 eredo
909 2027 999 2056 non
1030 2021 1073 2058 te
1094 2027 1184 2057 esse
1210 2022 1475 2073 negaturum
1499 2013 1592 2057 fieri

193 2101 341 2147 posse,
359 2094 410 2130 ut
427 2086 473 2130 in
494 2084 643 2146 aliquo
664 2084 762 2130 loeo
785 2084 941 2145 aliquis
958 2099 1090 2129 sonus
1112 2085 1265 2130 existat
1285 2084 1592 2146 hujuscemodi

195 2156 376 2201 morulis
406 2165 450 2201 et
471 2155 817 2201 dimensionibus
845 2154 1079 2200 verberans
1109 2159 1253 2201 aerem
1280 2155 1351 2201 vel
1372 2155 1592 2201 stillicidio

195 2228 265 2273 vel
284 2229 432 2289 aliquo
454 2228 537 2273 alio
559 2227 691 2288 pulsu
713 2242 966 2288 corporum,
987 2227 1064 2271 ubi
1086 2228 1236 2272 nullus
1257 2227 1367 2273 adsit
1396 2227 1586 2272 auditor.

196 2300 327 2354 Quod
344 2315 445 2344 011111
467 2300 532 2355 fit,
554 2315 660 2344 num
680 2307 838 2359 praeter
858 2297 971 2342 illud
993 2299 1185 2360 primum
1208 2315 1359 2359 genus,
1381 2316 1483 2344 cum
1502 2300 1592 2360 ipse

195 2387 326 2416 sonus
348 2372 426 2417 hos
449 2387 653 2417 numeros
673 2371 828 2426 habet,
849 2369 991 2433 ullum
1015 2372 1173 2416 horum
1207 2381 1397 2433 quatuor
1427 2372 1591 2433 reperi-

197 2445 299 2488 tur?
320 2447 371 2487 D.
397 2442 580 2489 Nullum
603 2442 722 2488 aliud
744 2443 887 2488 video.

259 2517 340 2559 ΙΙΙ.
381 2517 441 2559 M.
479 2514 592 2568 Quid
624 2515 703 2558 iste
738 2513 866 2569 alter,
894 2515 972 2574 qui
1006 2524 1070 2559 est
1099 2515 1142 2558 111
1179 2530 1308 2560 3011311
1345 2514 1561 2560 audientis
1576 2550 1588 2570 ‚
