1883 3194
283 194 337 232 :36
721 201 755 229 S·
793 202 1025 231 newsum
1059 204 1241 231 muscom

277 266 510 324 Quomodo
526 302 537 324 ‚
563 267 707 328 inquit
727 267 948 314 Licentius
964 304 975 325 ‚
1002 269 1163 314 frustra
1186 283 1366 330 operam
1386 281 1642 314 consumere
1655 304 1667 325 ‚

276 356 379 385 cum
394 348 512 384 tanta
530 339 730 384 mercede
748 341 1004 401 conquirat?
1023 343 1132 386 Nam
1155 341 1238 385 hoc
1261 340 1355 401 ipso
1377 357 1467 402 quo
1489 341 1669 402 quaerit,

275 411 444 471 sapiens
467 419 530 455 est
557 429 566 456 :
587 420 632 455 et
648 426 737 471 quo
760 412 928 471 sapiens
942 447 953 466 ‚
974 427 1026 457 eo
1049 412 1202 456 beatus
1231 430 1240 457 :
1265 427 1366 457 cum
1389 413 1445 456 ab
1466 411 1673 456 omnibus

276 482 510 528 involucris
531 482 723 543 corporis
746 492 939 528 mentem
963 493 1182 544 quantum
1204 492 1373 544 potest,
1409 483 1594 539 evolvit,
1631 492 1676 528 et

277 570 322 599 se
344 554 488 615 ipsum
516 554 561 598 in
597 554 878 615 semetipsum
910 553 1101 614 colligit,
1137 569 1239 599 cum
1272 570 1317 599 se
1338 570 1429 600 non
1457 553 1676 615 permittit

275 625 590 687 cupiditatibus
622 625 880 671 laniandum
895 661 906 681 ‚
931 625 1008 670 sed
1029 626 1076 672 in
1097 642 1141 671 se
1164 636 1295 688 atque
1329 625 1376 670 in
1399 629 1539 671 Deum
1561 641 1675 671 sem-

273 714 351 758 per
374 696 638 758 tranquillus
667 696 912 742 intenditur
929 733 939 753 ,
966 706 1015 742 ut
1036 707 1080 742 et
1111 697 1205 753 hic,
1233 697 1355 759 quod
1376 697 1557 742 beatum
1585 713 1677 742 esse

272 785 407 828 supra
429 768 543 812 inter
571 784 649 813 nos
670 767 899 824 convenit,
925 768 1093 813 ratione
1116 767 1392 828 perfruatur,
1418 777 1462 812 et
1482 777 1676 812 extremo

273 840 345 886 die
368 840 471 885 vitae
493 839 550 884 ad
584 840 630 885 id
652 839 775 901 quod
796 839 1051 901 concupivit
1074 839 1405 901 adipiscendum
1435 840 1675 901 reperiatur

275 921 475 973 paratus,
515 909 776 973 fruaturque
801 911 956 957 merito
985 911 1132 957 divina
1161 911 1459 968 beatitudine,
1498 910 1577 972 qui
1594 912 1680 956 hu-

277 999 407 1028 mana
430 983 484 1028 sit
506 991 607 1028 ante
628 982 898 1043 perfructus.

281 1142 349 1158 lm
354 1141 494 1158 ΜἏΝΝἉ
500 1138 1675 1158 ᾺΨὯΜΑἏΊΛΜἏΜΜΜΜΊΜΜΜΑἏΜΛὶΜΜΛΊΜΜἏΜΜΜΑΝἋΜΜΜ

803 1278 1021 1329 CAPUT
1061 1278 1147 1327 [X.

854 1422 1111 1486 Epilogus.

339 1563 503 1608 XXIV.
531 1562 632 1606 TUM
656 1576 762 1620 ego,
803 1575 905 1605 cum
937 1560 1167 1620 Trygetius
1204 1558 1314 1621 quid
1337 1559 1417 1604 sibi
1447 1569 1560 1605 esset
1589 1576 1681 1606 res-

278 1632 569 1697 pondendum
593 1632 671 1677 diu
693 1640 935 1694 quaereret:
964 1633 1062 1677 Non
1085 1640 1216 1692 puto,
1243 1632 1426 1693 inquam
1441 1667 1454 1688 ‚
1480 1632 1650 1677 Licenti
1667 1667 1679 1688 ‚

280 1705 414 1750 etiam
437 1712 694 1763 argumenta
715 1703 818 1748 huic
856 1701 1063 1747 defutura
1078 1737 1090 1758 ‚
1116 1702 1150 1747 si
1172 1717 1274 1747 eum
1312 1702 1449 1747 otiose
1485 1718 1682 1764 quaerere

281 1776 585 1838 permittamus
607 1797 617 1833 3
642 1774 752 1835 quid
771 1774 889 1818 enim
908 1774 946 1818 ei
968 1774 1122 1835 quovis
1138 1773 1237 1819 loco
1256 1773 1398 1818 defuit
1420 1774 1478 1819 ad
1498 1790 1681 1835 respon-

279 1847 506 1892 dendum?
527 1850 637 1891 Nam
661 1846 802 1906 primo
824 1845 914 1905 ipsc
930 1844 1102 1899 mtulit‚
1128 1845 1339 1905 quoniam
1362 1845 1416 1888 de
1439 1845 1567 1890 beata
1593 1846 1682 1890 vita

280 1918 463 1979 quaestio
479 1926 581 1961 nata
597 1926 682 1972 est,
705 1926 748 1960 ct
765 1916 945 1959 beatum
963 1914 1105 1959 solum
1123 1931 1296 1959 necesse
1315 1924 1380 1960 est
1399 1931 1489 1960 esse
1507 1916 1682 1976 sapien-

282 2000 393 2044 tem,
430 1987 646 2049 siquidem
681 1986 863 2031 stultitia
895 1985 1025 2030 etiam
1064 1985 1300 2031 stultorum
1336 1985 1504 2047 judicio
1528 1987 1681 2031 misera

281 2070 346 2106 cst
371 2080 379 2105 ε
407 2058 654 2120 perfectum
676 2057 917 2118 sapientem
944 2072 1033 2100 0550
1060 2056 1248 2113 debere,
1286 2074 1376 2102 non
1408 2067 1556 2102 autem
1578 2074 1680 2118 per-

283 2132 449 2176 fectum
472 2146 562 2175 esse
578 2165 588 2185 ‚
616 2129 690 2190 qui
714 2127 858 2173 adhuc
879 2142 1033 2172 verum
1055 2128 1163 2189 quid
1181 2128 1235 2172 sit
1257 2128 1461 2188 inquirit3
1486 2128 1603 2172 unde
1625 2145 1681 2173 ne

281 2203 461 2246 beatum
495 2199 690 2263 quidem.
738 2199 821 2244 Cui
855 2197 952 2243 loco
991 2208 1041 2242 tu
1080 2214 1183 2244 cum
1208 2198 1369 2243 molem
1408 2200 1679 2244 auctoritatis

282 2274 512 2334 objiceres,
548 2270 729 2316 moleste
752 2269 1030 2331 aliquantum
1061 2270 1282 2315 Ciceronis
1306 2269 1483 2314 nomine
1505 2280 1682 2331 pertur—

281 2344 436 2395 batus;
460 2352 608 2387 tamen
637 2357 681 2386 se
700 2341 847 2385 statim
868 2340 1027 2396 erexit,
1050 2351 1094 2385 ct
1119 2356 1328 2400 generosa
1351 2340 1542 2402 quadam
1570 2358 1679 2387 con-

284 2413 472 2459 tumacia
492 2413 539 2457 in
565 2413 772 2456 verticem
794 2410 1005 2455 libertatis
1029 2410 1185 2467 exiliit,
1212 2427 1475 2474 rursumque
1498 2414 1682 2474 arripuit

282 2484 405 2546 quod
425 2493 518 2529 crat
545 2483 600 2528 dc
624 2483 826 2527 manibus
856 2481 1069 2527 violenter
1091 2498 1319 2527 excussum
1346 2502 1355 2528 :
1391 2485 1680 2546 quaesivitque

287 2557 363 2602 abs
387 2566 450 2611 tc,
490 2565 639 2600 utrum
659 2553 735 2599 tibi
761 2554 1001 2613 perfectus,
1027 2553 1103 2615 qui
1127 2553 1270 2599 adhuc
1291 2565 1531 2614 quaereret,
1556 2555 1678 2601 vide-
