1883 3194
328 216 388 257 50
765 227 800 258 s.
835 230 1073 261 AUGUStrlM
1107 233 1291 262 EPISCOPI

323 295 463 353 sum)
494 293 531 339 si
562 307 634 339 me
665 294 901 355 paululum
931 299 1300 360 conquiescente,
1331 300 1451 361 apud
1473 314 1544 347 me
1567 301 1726 348 distin-

321 380 456 426 guere
484 365 567 412 ista
597 366 803 425 nomina,
843 378 888 414 et
915 384 1090 416 causam
1123 386 1252 417 novae
1280 371 1531 418 Academiae
1558 374 1727 435 aperire

322 435 528 483 volueris.
569 439 833 497 Crederem,
873 441 1047 502 inquit,
1087 457 1158 486 me
1192 458 1372 505 quoque
1405 460 1429 489 a
1461 445 1649 506 prandio
1684 455 1728 491 te

323 523 507 555 avocare
526 509 742 567 volui-sse,
768 511 813 555 ni
834 520 879 557 et
899 510 1037 573 magis
1060 528 1084 558 a
1106 513 1305 560 Licentio
1326 516 1529 561 territum
1553 515 1727 562 dudum

323 590 553 642 putarem,
588 591 633 627 et
661 584 754 644 ejus
779 583 1018 645 postulatio
1047 585 1107 631 ita
1131 586 1258 632 nobis
1287 588 1644 650 praescripsisset,
1677 598 1729 634 ut

319 653 360 698 ei
373 663 474 700 ante
490 653 727 715 prandium
742 655 962 718 quidquid
978 658 1111 719 hujus
1128 658 1414 706 involutionis
1431 670 1542 707 esset
1555 697 1568 718 ,
1589 676 1722 723 expe-

320 723 503 770 diretur.
528 726 586 771 Et
627 742 731 772 cum
753 727 922 790 reliqua
956 729 1103 775 dicere
1144 730 1370 787 tenderet,
1406 742 1547 778 mater
1579 741 1728 778 nostra

320 798 339 856 (
359 812 463 843 nam
485 796 605 844 domi
622 800 716 860 jam
757 803 965 861 eramus)
1005 801 1066 847 ita
1087 818 1167 848 nos
1206 804 1387 850 trudere
1407 805 1453 851 in
1489 804 1728 867 prandium

320 868 481 930 coepit,
503 878 556 916 ut
573 869 710 916 verba
725 869 918 919 faciendi
936 871 1061 920 locus
1078 889 1171 921 non
1192 884 1320 922 esset.

322 1037 1725 1063 MMWWWMMNWMMMMWWMMMMMMWMMMMMMMMMW

844 1178 1064 1229 CAPUT
1113 1179 1199 1230 VI.

871 1325 1116 1362 DISPUTATIO
1138 1328 1180 1362 Π.

516 1452 806 1505 Academiae
825 1470 962 1506 novae
985 1464 1036 1505 ec
1061 1457 1237 1505 veteris
1257 1452 1532 1505 discidium.

381 1594 504 1641 XIV.
523 1596 698 1643 Damna
712 1631 724 1654 ,
740 1610 845 1643 cum
861 1604 1037 1643 tantum
1053 1596 1367 1643 alimentorum
1387 1596 1702 1659 accepissemus
1713 1631 1726 1655 ,

320 1676 540 1727 quantum
551 1669 882 1731 compescendae
895 1669 1003 1715 fami
1016 1669 1115 1715 satis
1129 1679 1240 1716 esset
1250 1705 1262 1727 ,
1288 1669 1346 1716 ad
1366 1679 1544 1732 pratum
1560 1681 1731 1731 regres-

321 1737 376 1783 sis
399 1738 528 1784 nobis
554 1759 564 1785 z
590 1740 798 1802 Alypius,
818 1744 1026 1798 Paream,
1056 1741 1201 1803 inquit
1216 1776 1228 1799 ,
1253 1741 1484 1788 sententiae
1505 1750 1595 1787 tuae
1610 1775 1622 1798 ,
1646 1752 1729 1787 nec·

322 1810 464 1855 ausim
491 1826 707 1856 recusare.
741 1813 787 1857 Si
815 1813 933 1855 enim
963 1812 1076 1855 nihil
1095 1828 1168 1856 me
1188 1813 1376 1871 fugerit,
1401 1812 1607 1870 gratabor
1627 1826 1730 1857 cum

319 1879 534 1927 doctrinae
544 1890 635 1927 tuae
647 1917 658 1938 ,
674 1890 772 1927 tum
789 1881 921 1927 etiam
937 1880 1163 1926 memoriae
1177 1896 1304 1926 meae.
1324 1883 1383 1927 At
1393 1881 1428 1926 si
1441 1881 1488 1926 in
1503 1893 1730 1944 quoquam

318 1951 502 1999 fortasse
524 1953 809 2010 aberravero,
834 1953 1056 1998 recurabis
1083 1952 1150 2010 id,
1171 1962 1223 1999 ut
1244 1952 1452 2014 deinceps
1469 1953 1728 2016 hujusmodi

320 2024 647 2086 delegationem
668 2041 759 2071 non
787 2025 1109 2087 pertimescam.
1141 2027 1277 2072 Novae
1314 2026 1564 2071 Academiae
1599 2026 1730 2072 disci-

320 2095 445 2142 dium
463 2113 556 2143 non
585 2106 678 2143 tam
694 2106 850 2143 contra
870 2106 1070 2143 veterum
1091 2106 1356 2158 conceptum
1369 2132 1381 2153 ,
1410 2113 1546 2159 quam
1574 2107 1729 2144 contra

322 2169 492 2215 Stoicos
514 2168 704 2214 arbitror
724 2183 816 2214 esse
849 2178 1138 2214 commotum.
1163 2171 1253 2216 Nec
1282 2183 1386 2214 vero
1407 2167 1728 2215 discidiumest

318 2240 592 2302 putandum,
615 2240 835 2303 siquidem
876 2256 901 2286 a
924 2242 1101 2286 Zenone
1127 2239 1296 2285 illatam
1324 2254 1485 2285 novam
1512 2239 1726 2301 quaestio-

321 2328 427 2358 nem
452 2311 631 2359 dissolvi
663 2313 912 2374 discutique
945 2311 1191 2373 oportebat.
1231 2313 1343 2357 Nam
1380 2310 1435 2356 de
1468 2326 1560 2357 non
1581 2311 1727 2372 perci-

322 2383 508 2446 piendo,
534 2385 733 2447 quamvis
755 2384 888 2431 nullis
908 2382 1309 2430 conflictationibus
1329 2382 1507 2442 agitata,
1530 2381 1726 2428 incolens

323 2465 473 2502 tamen
495 2457 628 2501 etiam
652 2465 854 2502 veterum
896 2454 1261 2501 Academicorum
1298 2462 1466 2498 mentes
1508 2453 1724 2499 sententia

321 2544 411 2573 non
432 2527 713 2589 impudenter
732 2527 970 2572 existimata
989 2535 1067 2572 est.
1091 2524 1222 2580 Quod
1237 2525 1369 2570 etiam
1384 2525 1519 2585 ipsius
1535 2524 1724 2571 Socratis

326 2599 610 2662 Platonisque
640 2617 689 2645 ac
724 2600 994 2661 reliquorum
1018 2608 1216 2645 veterum
1239 2597 1498 2644 auctoritate
1535 2596 1726 2657 probatu
