1888 3168
678 161 732 192 DE
766 157 919 186 MttSrcA
955 159 1037 187 Lm.
1075 159 1135 184 tv.
1518 143 1603 182 423

207 232 287 278 ista
309 228 546 278 dicendum
564 229 653 272 est?
670 230 721 271 D.
744 226 851 277 Mihi
866 240 970 271 vero
986 225 1096 268 nihil
1110 260 1120 280 ‚
1141 224 1221 273 nisi
1234 223 1355 285 quod
1369 223 1449 268 ista
1466 223 1606 273 offen-

206 303 269 347 sio
291 337 302 358 ,
338 316 439 363 quae
468 302 518 345 fit
548 298 729 344 auribus
746 334 758 355 ‚
783 314 887 343 cum
908 297 967 347 ita
995 296 1041 341 hi
1073 296 1207 356 pedes
1229 294 1503 345 collocantur
1522 331 1533 351 ‚
1558 296 1604 340 in

207 373 532 434 comparatione
554 372 603 416 fit
633 371 726 431 ejus
759 368 1006 423 suavitatis,
1039 382 1140 428 quae
1165 365 1360 411 oblectat
1381 365 1605 422 auditum,

207 453 430 506 cumpost
459 452 639 488 caeteros
662 457 818 486 senum
846 451 1097 500 temporum
1124 438 1171 482 hi
1194 453 1297 483 cum
1328 438 1499 484 silentio
1527 455 1610 500 po-

208 526 376 564 nuntur
397 513 545 576 pedes.
571 517 682 561 Nam
706 514 740 559 si
757 513 850 559 aliis
873 512 1014 557 tacitis
1031 527 1102 556 me
1123 509 1371 558 consuleres
1393 511 1612 572 quemad-

206 588 390 636 modum
405 596 637 643 sonarent,
659 584 869 646 exemplis
891 583 1096 645 subjectis
1112 619 1123 639 ‚
1145 592 1221 627 aut
1241 591 1340 643 post
1361 581 1612 628 dichorium

207 660 405 716 iambus,
439 668 515 704 aut
548 668 646 720 post
685 658 974 718 antispastum
1015 654 1262 717 spondeus,
1303 670 1405 700 cum
1438 654 1611 704 silentio.

206 732 357 794 positi,
383 730 526 778 dicam
549 729 673 792 quod
693 729 833 776 sentio
847 764 858 781 ,
879 727 1058 779 fortasse
1082 727 1372 788 approbarem
1390 736 1433 771 et
1453 726 1614 773 lauda—-

207 820 314 851 rem.
341 806 403 853 M.
428 806 528 850 Non
545 802 753 864 equidem
774 801 926 846 resisto
949 800 1046 845 tibi.
1087 800 1196 846 Satis
1213 808 1277 845 est
1308 798 1419 843 mihi
1435 807 1582 843 tamen
1598 833 1610 855 ‚

206 875 329 938 quod
345 876 440 920 haec
457 874 689 921 collocatio
706 874 752 919 in
773 873 1098 933 comparatione
1127 872 1283 920 talium
1307 886 1610 926 numerorum,

206 946 282 992 sed
304 946 457 992 melius
491 945 768 1000 sonantium,
794 944 907 989 sicut
929 943 1057 999 dicis,
1093 943 1282 989 offendit
1309 958 1386 989 :eo
1409 943 1526 988 enini
1549 952 1615 988 est

206 1018 519 1080 improbanda,
557 1017 678 1079 quod
711 1032 812 1061 cum
852 1015 1047 1077 ejusdem
1089 1016 1256 1076 generis
1278 1015 1408 1060 etiam
1443 1014 1506 1059 illi
1529 1015 1616 1060 sint

205 1090 365 1152 pedes,
390 1106 502 1152 quos
523 1090 590 1135 his
611 1088 907 1149 semipedibus
937 1087 1107 1134 clausos
1128 1088 1220 1133 labi
1238 1087 1475 1150 jocundius
1504 1104 1616 1133 con-

140 1157 144 1159 *
205 1163 405 1219 fitentur,
429 1162 484 1207 ab
522 1162 588 1207 his
624 1161 870 1221 discrepare
900 1176 991 1204 non
1023 1159 1192 1204 debuit.
1230 1160 1315 1206 Sed
1356 1175 1505 1205 nonne
1532 1159 1615 1204 tibi

204 1233 380 1280 videtur
417 1233 663 1280 secundum
700 1233 831 1278 istam
861 1232 1075 1277 rationem
1093 1267 1104 1287 ‚
1135 1247 1215 1277 nec
1253 1242 1351 1292 post
1389 1232 1616 1292 epitritum

205 1307 451 1353 secundum
470 1307 668 1351 iambum
691 1321 791 1350 cum
810 1304 984 1349 silentio
1008 1305 1112 1364 poni
1128 1307 1479 1365 oporterePNam
1502 1314 1545 1348 et
1568 1304 1617 1348 in

204 1381 289 1424 hoc
312 1379 425 1440 pede
449 1379 622 1423 iambus
644 1378 703 1422 ita
727 1376 923 1422 medium
946 1375 1094 1421 locum
1117 1386 1260 1431 tenet,
1288 1385 1338 1421 ut
1360 1392 1441 1421 nec
1460 1376 1615 1436 prioris

205 1466 286 1495 nec
307 1450 557 1511 posterioris
595 1449 732 1510 partis
756 1448 1028 1507 temporibus
1065 1458 1280 1511 aequetur.
1304 1452 1356 1494 D.
1382 1449 1512 1509 Cogit
1545 1464 1617 1494 me

205 1523 402 1584 superior
423 1522 532 1567 ratio
555 1520 810 1568 concedere.

201 1671 227 1688 *V
240 1669 453 1696 ΜἋΜἋΜ
459 1670 525 1686 νυνὶ
531 1670 597 1686 XM&
604 1670 670 1685 §AM
675 1669 1034 1686 mvnmmwmovmmx
1039 1668 1608 1687 mxmmquM=mmmvmmm

714 1769 932 1818 CAPUT
974 1770 1095 1817 ΧΠ.

535 1892 739 1939 Summa
763 1893 978 1938 omnium
1004 1901 1282 1938 metrorum.

265 2021 386 2066 XIV.
422 2022 484 2065 M.
525 2021 621 2065 AGE
645 2035 790 2075 nunc,
832 2019 968 2064 redde
1001 2020 1110 2065 mihi
1143 2020 1342 2065 omnium
1370 2028 1614 2068 metrorum

206 2108 459 2149 numerum,
480 2094 513 2137 si
532 2092 699 2153 placet,
723 2109 824 2153 quae
843 2093 934 2153 jam
957 2092 1254 2148 tractavimus,
1281 2092 1327 2138 id
1350 2102 1434 2149 est,
1461 2108 1616 2138 eorum

206 2181 306 2226 quae
327 2181 351 2209 a
383 2164 470 2209 suis
499 2164 639 2225 plenis
664 2165 855 2224 pedibus
884 2164 1103 2224 incipiunt
1120 2201 1130 2220 ‚
1158 2164 1430 2210 clauduntur
1464 2174 1614 2213 autem

208 2247 284 2281 aut
303 2236 388 2281 suis
410 2235 597 2296 pedibus
625 2236 765 2297 plenis
783 2271 793 2291 ‚
836 2236 896 2280 ita
918 2244 968 2280 ut
990 2235 1214 2281 silentium
1232 2273 1243 2293 ‚
1269 2253 1370 2281 cum
1403 2237 1459 2282 ad
1481 2246 1615 2298 caput

208 2307 391 2363 reditur,
417 2324 506 2352 non
528 2309 860 2369 interponamus
878 2343 888 2363 ‚
926 2316 1002 2352 aut
1025 2324 1115 2353 non
1143 2308 1283 2369 plenis
1304 2308 1493 2369 pedibus
1511 2325 1613 2354 cum

209 2380 396 2435 silentio,
417 2396 527 2441 quos
544 2390 692 2425 tamen
715 2380 773 2424 eis
788 2395 1031 2440 congruere
1049 2381 1159 2425 ratio
1182 2380 1349 2437 docuit,
1376 2381 1613 2442 incipiente

209 2469 393 2498 numero
429 2469 451 2497 a
482 2453 657 2498 duobus
680 2469 771 2498 non
812 2452 952 2513 plenis
975 2469 1116 2514 usque
1147 2453 1202 2498 ad
1225 2464 1324 2499 octo
1347 2453 1500 2515 plenos
1517 2490 1527 2510 ,
1552 2454 1612 2498 ita

210 2534 357 2569 tamen
391 2534 440 2569 ut
468 2525 642 2584 triginta
666 2525 756 2570 duo
779 2534 974 2584 tempora
997 2541 1085 2569 11011
1109 2526 1391 2571 excedantur.
1418 2529 1469 2570 D.
1497 2527 1614 2586 Ope-
