1888 3168
475 175 602 204 LIBER.
633 176 688 203 DE
720 173 995 213 QUANTITATE
1028 175 1192 203 ANIMAE.
1447 164 1534 204 319

140 240 319 302 quando
342 251 417 287 aut
438 243 600 299 odisse,
627 242 800 288 sceleris
821 251 865 287 et
886 241 1121 302 impietatis
1146 261 1156 287 ε
1183 250 1370 287 tractare
1398 251 1547 287 autem

141 329 190 358 ac
217 312 465 375 dispensare
480 315 735 371 commode,
761 313 903 359 laudis
927 322 972 358 et
998 313 1224 358 charitatis
1246 314 1548 374 plenissimum

141 394 220 430 est.
247 385 506 432 Videbimus
527 386 658 431 etiam
682 396 852 431 naturae
870 386 1004 446 hujus
1021 401 1245 446 corporeae
1263 394 1404 431 tantas
1426 402 1548 432 com-

141 459 405 504 mutationes
427 468 471 504 et
492 458 828 515 vicissitudines,
847 457 954 503 dum
966 458 1124 504 divinis
1139 457 1314 516 legibus
1331 459 1478 514 servit,
1497 468 1548 504 ut

142 529 273 575 etiam
281 531 419 591 ipsam
428 531 792 576 resurrectionem
805 530 962 587 carnis,
974 546 1074 591 quae
1085 529 1241 590 partim
1251 528 1436 586 tardius,
1447 546 1548 590 par-

145 601 220 645 tim
230 602 410 647 omnino
418 618 508 647 non
527 602 741 659 creditur,
752 603 812 648 ita
826 612 992 649 certam
1002 610 1229 646 teneamus
1237 610 1289 645 ut
1297 602 1454 646 certius
1464 618 1547 647 no-

141 671 207 716 his
215 687 306 717 non
314 673 368 718 sit
376 673 510 719 solem
527 690 629 719 cum
639 673 850 720 occiderit
859 673 1092 719 oriturum.
1109 676 1133 717 J
1138 688 1313 718 amvero
1322 688 1393 717 eos
1400 673 1476 734 qui
1492 673 1549 718 ad

142 743 390 805 exemplum
413 745 563 791 salutis
579 756 740 792 nostrae
760 743 1186 806 acprimitiasaFilio
1195 744 1272 789 Dei
1293 744 1546 805 potentissi-

141 832 229 873 mo,
242 827 423 875 aeterno,
435 818 790 865 incommutabili
800 828 1051 879 susceptum
1062 817 1303 873 hominem,
1316 816 1547 862 eumdem-

140 904 227 949 que
239 899 394 935 natum
414 906 506 936 esse
522 890 577 936 de
595 892 793 951 Virgine,
809 900 1055 951 caeteraque
1067 890 1197 950 hujus
1210 889 1403 934 historiae
1416 889 1548 933 mira-

141 959 241 1006 cula
273 960 485 1019 irrident,
526 962 586 1007 sic
623 972 979 1018 contemnemus,
1016 970 1226 1022 tanquam
1259 976 1330 1005 eos
1359 976 1544 1021 pueros,

140 1032 219 1093 qui
234 1047 336 1077 cum
348 1034 565 1094 pictorem
579 1034 811 1095 propositis
826 1032 989 1078 tabulis
1004 1048 1113 1093 qufffi
1125 1032 1348 1076 intueatur
1363 1032 1549 1092 pingen-

139 1113 230 1150 tem
245 1105 438 1152 viderint
451 1143 462 1163 ,
488 1123 579 1152 non
595 1117 755 1168 putent
771 1122 900 1168 posse
917 1106 1143 1151 hominem
1160 1104 1299 1166 pingi,
1324 1104 1406 1149 nisi
1419 1103 1548 1149 aliam

138 1176 356 1237 picturam
382 1178 460 1240 qui
486 1179 631 1240 pingit
646 1215 657 1236 ,
681 1179 912 1240 aspexerit.
942 1181 1082 1222 Tanta
1110 1186 1256 1221 autem
1280 1176 1326 1220 in
1346 1185 1546 1221 contem-

138 1249 301 1310 planda
316 1251 501 1296 veritate
524 1251 729 1313 voluptas
752 1261 840 1308 est,
866 1259 1225 1312 quantacumcpie
1239 1265 1289 1293 ex
1311 1258 1434 1309 parte
1452 1264 1549 1293 eam

138 1321 324 1382 quisque
346 1321 641 1383 contemplari
670 1332 839 1383 potest,
864 1331 989 1367 tanta
1011 1321 1202 1381 puritas,
1227 1329 1348 1364 tanta
1371 1320 1550 1365 sinceri-

138 1402 232 1449 tas,
265 1403 353 1439 tam
389 1394 684 1439 indubitanda
712 1410 860 1439 rerum
885 1395 1017 1449 fides,
1049 1403 1101 1438 ut
1127 1409 1271 1454 neque
1305 1393 1549 1454 quidquam

137 1475 353 1525 praeterea
379 1467 505 1511 scisse
528 1482 572 1511 se
602 1466 843 1527 aliquando
866 1466 1023 1527 aliquis
1044 1475 1193 1526 putet,
1219 1481 1321 1510 cum
1342 1465 1423 1510 sibi
1441 1465 1550 1510 scire

137 1536 390 1593 videbatur,
417 1547 461 1582 et
475 1554 564 1599 quo
584 1537 1012 1599 minusimpediatur
1035 1537 1179 1581 anima
1193 1537 1276 1582 toti
1298 1545 1390 1582 tota
1410 1535 1551 1580 inhae-

139 1623 234 1652 rere
257 1609 457 1665 veritati,
483 1625 602 1655 mors
624 1626 725 1671 quae
748 1619 874 1655 antea
888 1609 1186 1665 metuebatur,
1211 1608 1258 1653 id
1279 1618 1358 1665 est,
1386 1608 1442 1653 ab
1464 1609 1550 1654 hoc

140 1696 324 1741 corpore
353 1681 611 1727 omnimoda
643 1681 750 1742 suga
773 1691 817 1727 et
841 1681 1032 1743 elapsio,
1058 1698 1139 1743 pro
1166 1697 1340 1727 summo
1367 1697 1550 1727 munere

140 1752 429 1799 desideretur.

139 1899 551 1917 wmmmwuwutummn
557 1900 1547 1919 mmmmwuwmwmmmmuwmumwmwwwuwmmm

595 1999 814 2051 CAPUT
860 2003 1094 2052 XXXE'V.

143 2123 336 2170 Anima
357 2120 487 2169 solus
518 2121 654 2169 Dens
677 2121 875 2180 melior,
906 2121 1126 2184 adeoque
1153 2122 1283 2170 solus
1315 2124 1362 2170 εἰ
1390 2123 1552 2170 colen-

744 2192 833 2240 das
857 2204 942 2240 est.

205 2322 430 2366 LXXVII.
462 2323 650 2366 Aumsm
679 2329 842 2382 quanta
864 2320 928 2366 vis
961 2321 1016 2366 sit
1042 2321 1198 2366 animae
1237 2338 1286 2367 ac
1323 2323 1549 2383 potentia,

149 2392 271 2455 quod
288 2403 340 2438 ut
360 2393 554 2439 breviter
578 2392 798 2452 colligam,
819 2393 1197 2455 quemadmodum
1215 2393 1446 2439 fatendum
1460 2404 1525 2439 est
1539 2429 1550 2450 ,

147 2466 340 2510 animam
367 2466 608 2510 humanam
635 2481 726 2510 non
748 2477 838 2510 esse
860 2464 982 2527 quod
1004 2469 1119 2511 Deus
1150 2475 1241 2514 est:
1272 2466 1353 2511 ista
1386 2483 1554 2527 praesu-

149 2538 384 2595 mendum,
411 2538 524 2584 nihil
550 2539 667 2584 inter
689 2539 836 2585 omnia
867 2555 967 2600 quae
1001 2539 1179 2595 creavit,
1214 2543 1306 2584 Deo
1331 2555 1421 2584 esse
1448 2555 1554 2599 pro-
