1883 3194
509 182 674 216 con-rna
706 181 969 218 AcAnEatxcos
1001 184 1125 214 mmm
1159 186 1208 214 ιι.
1497 173 1552 213 57

157 266 259 299 rum
280 267 415 315 quem
436 250 662 298 defendat.
692 254 751 297 Et
772 250 868 297 ille:
905 250 1067 297 Saltem
1099 250 1321 296 habes-ne
1343 258 1394 296 tu
1423 249 1559 312 quid-

157 340 294 387 quam
324 325 371 371 in
392 326 491 387 squo
515 324 732 370 sententia
752 332 829 369 tua
846 325 939 385 jam
961 321 1146 368 fundata
1179 323 1452 368 constiterit?
1473 326 1560 368 Fa·-

157 396 241 442 cile
267 407 333 443 est
348 433 360 454 ,
383 397 568 458 inquam
584 433 595 454 ,
620 397 726 443 huic
748 396 965 456 rogationi
991 394 1256 456 respondere
1275 430 1286 451 ,
1310 396 1418 440 mihi
1441 410 1559 456 prae-

158 470 311 515 sertim
326 470 399 515 cui
420 469 651 531 repentina
675 486 766 516 non
784 479 848 515 est
866 490 875 516 :
898 470 989 531 jam
1005 469 1091 514 hoc
1109 476 1253 513 totum
1272 483 1449 513 mecum
1471 468 1557 528 egi,

158 550 204 586 et
216 532 294 586 diu
304 539 587 602 multumque
600 542 766 588 versavi
775 541 937 587 animo.
954 539 1253 595 Quamobrem
1270 538 1388 595 audi,
1408 537 1557 599 Alypi,

158 610 296 672 quod,
320 621 372 657 ut
391 612 593 669 arbitror,
612 614 706 674 jam
728 613 893 675 optime
915 613 994 658 scis
1017 632 1025 658 :
1046 628 1137 658 non
1158 626 1240 671 ego
1261 611 1389 656 istam
1408 609 1562 670 dispu-

159 683 373 729 tationem
394 683 650 745 disputandi·
673 685 811 745 gratia
832 693 1080 745 susceptam
1095 683 1198 729 volo
1214 683 1349 742 ,satis
1366 682 1421 739 sit
1441 680 1564 743 quod

158 746 270 801 cum·
285 755 376 820 istis
394 755 748 803 adolescentibus
764 756 1040 819 praelusimus
1060 793 1072 813 ,
1096 756 1176 800 ubi
1193 754 1383 800 libenter
1410 753 1564 798 nobis—

159 842 262 872 cum
283 827 563 889 philosophia
597 830 723 890 quasi
753 830 896 892 jocata
929 838 1007 874 est.
1044 831 1188 883 Quare
1220 826 1476 872 auferantur
1510 823 1565 868 de

158 898 364 945 manibus
384 900 543 946 nostris
565 898 740 946 fabellae
762 900 967 962 pueriles.
994 903 1057 946 De
1080 900 1170 946 vita
1196 908 1364 955 nostra,
1389 896 1444 942 de
1465 911 1565 941 mo-

159 972 281 1017 ribus
297 1007 308 1028 ,
334 971 390 1017 de
411 972 559 1019 animo
580 989 648 1019 res
679 973 823 1034 agitur
843 994 853 1021 ε
880 974 957 1035 qui
980 989 1025 1019 se
1047 981 1356 1034 superaturum
1372 969 1563 1015 inimici-

159 1045 240 1090 tias
262 1045 463 1090 omnium
481 1044 774 1103 fallaciarum,
800 1056 844 1092 et
862 1047 1046 1093 veritate
1067 1046 1381 1106 comprehensa
1395 1079 1406 1100 ,
1440 1041 1564 1104 quasi

158 1115 208 1164 in
231 1115 457 1177 regionem
478 1132 568 1162 suae
591 1117 766 1178 originis
784 1118 973 1175 rediens,
994 1118 1371 1178 triumphaturum
1389 1113 1445 1159 de
1462 1112 1567 1158 libi-

161 1186 357 1245 dinibus,
385 1197 518 1250 atque
534 1188 595 1234 ita
616 1191 909 1251 temperantia
931 1188 1055 1235 velut
1072 1190 1259 1250 conjuge
1276 1195 1453 1247 accepta
1465 1200 1566 1246 reg-

160 1270 373 1307 naturum
402 1276 494 1305 esse
530 1263 783 1322 praesumit,
826 1262 1018 1307 securior
1046 1259 1267 1306 rediturus
1306 1259 1353 1304 in
1382 1257 1563 1304 coelum.

160 1330 295 1377 Vides
315 1331 425 1392 quid
447 1330 592 1376 dicam
609 1332 632 1376 ε)
652 1335 686 1377 T
690 1332 876 1378 ollamus
908 1332 964 1377 de
996 1332 1143 1377 medio
1160 1332 1252 1393 jam
1274 1339 1434 1376 cuncta
1456 1331 1565 1390 ista,

161 1418 284 1449 arma
303 1401 394 1448 acri
409 1399 612 1448 facienda
626 1402 722 1450 viro
736 1405 769 1463 ¹3
789 1418 870 1449 nec
891 1402 1137 1466 quidquam
1151 1403 1298 1448 minus
1315 1417 1486 1464 semper
1493 1416 1570 1463 op-

162 1474 268 1533 tavi,
292 1489 428 1537 quam
448 1474 563 1520 inter
579 1490 672 1532 eos,
704 1475 782 1538 qui
804 1491 956 1523 secum
980 1475 1174 1522 multum
1200 1476 1407 1522 vixerunt
1421 1510 1433 1533 ,
1454 1474 1570 1520 mul-

163 1557 350 1609 tumque
371 1546 652 1593 sermocinati
672 1557 793 1606 sunt,
813 1548 919 1594 oriri
939 1547 1125 1611 aliquid,
1145 1547 1266 1594 unde
1287 1563 1426 1594 novus
1444 1548 1569 1609 quasi

162 1618 397 1666 conflictus
429 1629 625 1680 exurgat·
663 1619 751 1668 Sed
771 1630 954 1681 propter
979 1620 1237 1666 memoriam
1253 1656 1265 1678 ,
1295 1636 1397 1682 quae
1431 1617 1568 1664 infida

164 1700 311 1738 custos
337 1701 403 1737 est
420 1691 768 1752 excogitatorum
785 1726 797 1749 ,
822 1689 975 1737 referri
1001 1691 1236 1755 inplitteras
1267 1691 1416 1749 volui,
1447 1690 1571 1753 quod

165 1764 281 1809 inter
301 1778 382 1810 nos
398 1778 514 1823 saepe
533 1762 895 1823 pertractavimus
913 1783 923 1810 :
943 1762 1075 1810 simul
1090 1772 1142 1809 ut
1161 1763 1233 1808 isti
1253 1760 1566 1820 adolescentes,

166 1843 212 1880 et
231 1834 281 1880 in
303 1835 402 1882 haec
421 1832 651 1881 attendere
677 1832 916 1892 discerent,
942 1842 989 1880 et
1012 1832 1191 1896 aggredi
1212 1850 1263 1881 ac
1294 1834 1444 1882 subire
1470 1844 1570 1881 ten-

166 1915 328 1953 tarent.

227 1980 400 2026 XXIII.
438 1981 563 2026 Tunc
584 1993 691 2040 ergo
718 1978 858 2025 nescis
879 1977 1080 2026 nihil'me
1108 1989 1280 2027 certum
1316 1980 1462 2027 adhuc
1487 1981 1571 2027 ha-

168 2050 274 2097 bere
298 2050 421 2114 quod
441 2051 628 2097 sentiam
643 2052 726 2111 (3),
757 2049 836 2097 sed
857 2051 914 2096 ab
940 2067 994 2097 eo
1015 2052 1257 2115 quaerendo
1279 2053 1570 2100 Academico-

169 2139 272 2169 rum
306 2126 576 2185 argumentis
604 2133 738 2186 atque
765 2124 1137 2186 disputationibus
1165 2126 1396 2188 impediri?
1417 2126 1573 2173 Nescio

171 2197 289 2243 enim
310 2196 537 2259 quomodo
559 2188 761 2242 fecerunt
778 2197 827 2242 in
852 2198 1001 2244 animo
1020 2198 1259 2260 quamdam
1279 2198 1572 2259 probabilita-

171 2276 278 2325 tem,
302 2270 389 2328 (ut
405 2267 462 2313 ab
479 2284 633 2315 eorum
653 2268 791 2315 verbo
813 2268 1015 2314 nondum
1036 2269 1239 2315 recedam
1261 2275 1276 2329 )
1295 2270 1419 2332 quod
1439 2271 1574 2316 homo

171 2354 327 2388 verum
348 2340 545 2386 invenire
565 2356 658 2386 non
685 2340 822 2402 possit
846 2360 857 2387 ε
881 2341 1001 2387 unde
1018 2342 1141 2403 piger
1167 2352 1209 2388 et
1233 2358 1410 2404 prorsus
1431 2343 1575 2403 segnis

174 2411 360 2458 effectus
388 2427 534 2470 eram,
564 2428 646 2459 nec
678 2428 876 2475 quaerere
899 2413 1116 2459 audebam
1133 2450 1144 2471 ,
1170 2413 1292 2476 quod
1319 2415 1573 2461 acutissimis

177 2499 226 2530 ac
244 2482 504 2529 doctissimis
523 2484 625 2530 viris
638 2485 836 2533 invenire
855 2501 947 2536 non
966 2484 1106 2534 licuit.
1121 2486 1213 2536 Nisi
1234 2502 1338 2550 ergo
1350 2487 1470 2549 prius
1485 2497 1574 2534 tam

225 2583 394 2619 ⁸Retract.
413 2592 486 2627 cap.
504 2592 535 2627 1,
553 2593 585 2620 n.
606 2582 641 2620 3.
