1883 3194
494 204 658 233 CONTRA
692 201 955 233 ACADEMICOS
987 205 1109 233 mann
1146 208 1212 234 111.
1501 199 1557 237 75

211 275 267 319 X.
294 274 456 327 Quaero
481 286 587 330 ergo
608 272 701 332 jam
736 281 888 319 utrum
917 271 1054 331 possit
1082 272 1253 332 sapiens
1277 273 1481 321 inveniri.
1518 276 1563 322 Si

151 346 271 392 enim
304 352 477 406 potest,
514 352 661 403 potest
692 343 823 389 etiam
855 343 965 388 scire
997 344 1282 404 sapientiam,
1330 347 1563 409 omnisque

149 418 335 481 quaestio
360 417 476 461 inter
497 432 577 461 nos
600 417 812 462 dissoluta
828 425 908 461 est.
940 415 984 462 Si
1008 425 1157 461 autem
1177 433 1269 462 non
1287 433 1414 478 posse
1434 418 1560 477 dicis,

145 493 341 553 jamnon
363 497 593 551 quaeretur
615 498 768 534 utrum
790 488 961 549 sapiens
983 487 1152 550 aliquid
1166 489 1271 533 sciat
1287 525 1298 546 ,
1320 489 1396 534 sed
1412 499 1565 536 utrum

151 561 323 622 sapiens
353 561 590 622 quisquam
622 575 713 605 esse
742 561 892 621 possit.
925 562 1024 614 Quo
1046 559 1309 616 constituto,
1328 561 1420 621 jam
1443 578 1566 607 rece—

152 631 348 680 dendum
372 632 454 677 erit
472 631 529 676 ab
544 631 837 689 Academicis,
865 640 910 676 et
926 640 1075 676 tecum
1102 631 1186 676 ista
1210 632 1395 693 quaestio
1419 649 1565 695 quan-

150 715 249 753 tum
269 704 484 761 valemus,
506 703 739 765 diligenter
756 713 972 766 cauteque
992 704 1222 750 versanda.
1245 708 1357 752 Nam
1374 705 1457 751 illis
1475 706 1568 768 pla-

151 777 260 834 cuit,
283 776 356 823 vel
376 778 523 838 potius
544 780 688 823 visum
707 786 798 834 est,
824 786 868 822 et
889 792 983 822 esse
999 792 1126 838 posse
1147 777 1376 822 hominem
1394 779 1568 839 sapien-

150 859 257 906 tem,
283 858 327 894 et
347 857 498 894 tamen
525 849 573 894 in
594 849 826 894 hominem
849 848 1079 894 scientiam
1111 847 1270 893 cadere
1299 865 1391 894 non
1421 866 1563 911 posse.

151 922 297 975 Quare
318 919 384 967 illi
405 921 651 983 sapientem
672 920 784 966 nihil
811 921 922 966 scire
948 920 1242 965 affirmarunt.
1283 920 1382 966 Tibi
1418 931 1566 967 autem

148 992 326 1043 videtur
343 993 452 1038 scire
470 993 747 1054 sapientiam,
768 991 894 1054 quod
921 1008 1013 1037 non
1035 1000 1100 1037 est
1124 992 1281 1053 utique
1298 992 1410 1037 nihil
1437 995 1563 1039 scire.

152 1062 293 1110 Simul
329 1064 448 1111 enim
482 1063 649 1125 placuit
682 1064 799 1108 inter
823 1079 926 1119 nos,
958 1062 1081 1124 quod
1118 1064 1251 1108 etiam
1279 1063 1394 1108 inter
1417 1079 1567 1111 omnes

148 1145 336 1193 veteres,
360 1136 568 1197 interque
598 1137 714 1197 ipsos
736 1136 1026 1181 Academicos
1043 1171 1054 1192 ,
1080 1135 1189 1181 scire
1212 1134 1320 1181 falsa
1344 1137 1567 1182 neminem

148 1223 305 1269 posse:
330 1206 452 1252 unde
474 1206 589 1252 illud
611 1208 704 1269 jam
733 1216 882 1263 restat,
909 1216 958 1252 ut
983 1216 1061 1252 aut
1082 1207 1324 1252 contendas
1348 1207 1460 1252 nihil
1477 1224 1568 1253 esse

149 1279 427 1341 sapientiam,
451 1289 528 1325 aut
545 1278 679 1324 talem
709 1279 954 1339 sapientem
979 1279 1035 1324 ab
1061 1278 1336 1326 Academicis
1359 1279 1563 1338 describi,

150 1350 330 1413 qualem
346 1350 457 1396 ratio
478 1365 571 1396 non
587 1349 725 1396 habet
740 1348 932 1395 fatearis.

150 1507 801 1527 mmmmmwutmmmm

1019 1508 1564 1530 wuwnMMMMMMtvwsmmm

699 1643 921 1694 CAPUT
956 1645 1018 1694 V.

240 1786 657 1839 Academicorum
685 1790 835 1837 inane
856 1789 1125 1855 suffugium
1140 1790 1475 1855 proecluditar.

158 1959 161 1962 «
211 1930 294 1973 XI.
332 1929 398 1976 ΕΤ
428 1927 497 1973 his
529 1927 699 1973 omissis
739 1928 989 1975 consentias
1022 1938 1074 1975 ut
1113 1946 1365 1992 quaeramus
1416 1941 1569 1979 utrum

152 2001 291 2064 'possit
308 1999 483 2046 homini
500 2000 601 2046 talis
620 2001 854 2061 provenire
876 2001 1107 2063 sapientia,
1132 2002 1311 2065 qualem
1331 2004 1479 2066 prodit
1496 2022 1570 2052 ra-

155 2074 233 2120 tio.
255 2076 358 2121 Non
380 2073 499 2118 enim
512 2072 645 2120 aliam
662 2073 896 2132 debemus,
920 2084 998 2121 aut
1018 2091 1252 2137 possumus
1272 2086 1390 2124 recte
1411 2094 1570 2124 vocare

153 2146 428 2208 sapientiam.
454 2148 515 2193 Et
545 2147 582 2193 si
607 2146 849 2193 concedam
867 2184 878 2205 ,
899 2147 1063 2210 inquit,
1083 2150 1208 2212 quod
1230 2158 1274 2195 te
1300 2166 1569 2213 magnopere

156 2217 240 2263 niti
255 2217 401 2274 video,
421 2217 563 2263 sciria
584 2219 782 2281 sapiente
805 2219 1082 2281 sapientiam,
1104 2230 1148 2266 et
1165 2221 1334 2284 aliquid
1354 2222 1469 2267 inter
1490 2238 1570 2269 nos

157 2287 485 2350 deprehensum
503 2290 627 2352 quod
644 2291 814 2352 sapiens
834 2286 970 2353 possit
980 2292 1223 2354 percipere,
1239 2302 1388 2339 tamen
1405 2309 1571 2356 nequa-

157 2377 292 2423 quam
314 2362 420 2406 mihi
442 2363 634 2408 occurrit
660 2364 1028 2410 Academicorum
1049 2365 1316 2411 labefactata
1338 2367 1480 2412 omnis
1498 2368 1569 2412 in-

157 2433 314 2479 tentio.
353 2434 580 2495 Prospicio
603 2435 723 2480 enim
755 2434 1022 2482 defensionis
1049 2438 1110 2482 eis
1130 2437 1281 2483 locum
1314 2455 1406 2484 non
1433 2439 1569 2483 mini-

158 2521 283 2551 mum
305 2515 593 2565 reservatum,
609 2523 691 2554 nec
714 2507 835 2553 illam
852 2509 1109 2556 assensionis
1130 2512 1461 2572 suspensionem
1476 2527 1568 2557 esse

158 2577 385 2637 praecisam
400 2613 412 2634 ,
441 2593 544 2625 cum
577 2579 664 2627 hoc
685 2579 781 2641 ipso
807 2595 951 2628 causae
971 2597 1063 2628 suae
1084 2582 1236 2629 deesse
1253 2599 1344 2630 non
1365 2583 1533 2643 possint
1552 2618 1563 2638 ,
