1852 3163
283 199 362 240 144
715 205 746 235 ”.
784 203 1014 238 Α1·(;1’5”’“·“
1048 205 1230 234 EPISCOPI

272 290 404 337 quam
423 270 622 334 estquod
639 271 776 332 magis
793 270 916 317 avide
938 279 1140 331 expetant
1162 282 1350 332 <luantque
1368 268 1530 330 optima
1547 268 1664 326 inge-

274 348 364 401 nia,
394 344 617 404 magisque
651 343 801 388 audire
825 360 873 387 ac
905 342 1067 386 discere
1099 342 1325 397 studeant,
1350 340 1427 402 qui
1463 339 1663 400 scopulos

271 417 372 461 vitae
387 416 515 475 hujus
533 423 575 458 et
589 413 798 474 procellas
814 447 824 468 ,
839 411 963 457 velut
986 421 1129 456 erecto
1152 421 1367 473 quantum
1385 411 1487 455 licet
1497 409 1659 470 capite,

275 486 534 546 inspiciunt,
561 500 693 545 quam
718 482 940 543 quomodo
963 484 1061 538 fiat,
1090 490 1142 526 ut
1163 491 1206 526 et
1223 486 1335 527 Deus
1370 483 1561 527 humana
1583 495 1664 524 cu·-

276 567 366 612 ret,
388 566 431 601 ct
454 565 574 599 tanta
597 556 640 599 in
665 554 868 598 humanis
904 553 1035 598 rebus
1066 552 1323 614 perversitas
1350 566 1665 614 usquequaque

276 629 435 673 diffusa
459 629 537 682 sit,
555 636 710 671 utnon
732 625 914 682 (Evince,
939 626 1015 670 scd
1038 642 1093 670 ne
1110 624 1252 671 servili
1275 625 1453 686 quidem
1475 623 1664 684 cuipiam

274 698 597 761 procurationi,
619 699 652 742 si
674 698 714 742 ci
746 707 864 742 tanta
894 707 1081 758 potestas
1104 695 1305 752 daretur,
1327 695 1559 741 tribuenda
1577 710 1666 739 esse

276 771 490 816 videatur.
518 769 811 823 Quamobrem
832 767 941 812 illud
964 768 1088 830 quasi
1112 767 1402 813 necessarium
1426 767 1474 811 iis
1507 765 1667 827 quibus

277 842 378 887 talia
400 851 502 887 sunt
518 857 661 897 curae,
683 839 951 885 credendum
970 840 1207 884 dimittitur
1221 875 1232 896 ‚
1252 848 1328 884 aut
1350 838 1537 884 divinam
1563 852 1666 898 pro-

276 913 517 959 videntiam
541 928 630 957 non
653 927 791 972 usquc
824 912 868 955 in
889 912 982 955 haec
1000 910 1152 955 ultima
1175 921 1216 956 et
1248 912 1333 955 ima
1349 908 1572 970 pertendi,
1593 917 1669 952 aut

276 995 392 1030 certe
409 984 521 1028 mala
544 984 689 1028 omnia
722 982 799 1026 Dei
820 982 1045 1027 voluntate
1063 982 1292 1027 committi.
1320 984 1564 1041 Utrumque
1587 979 1670 1023 im-

277 1057 398 1116 pium
414 1091 424 1110 ,
457 1055 532 1098 sed
569 1054 704 1112 magis
736 1054 965 1113 posterius.
1003 1056 1266 1114 Quanquam
1299 1052 1415 1096 enim
1451 1050 1669 1094 desertum

277 1131 368 1171 Deo
391 1126 633 1186 quidqttam
665 1124 863 1179 credere,
885 1140 984 1168 cum
1008 1124 1380 1183 imperitissimum
1394 1157 1405 1178 ,
1421 1131 1517 1166 tum
1539 1121 1671 1165 etiam

276 1196 691 1258 periculosissimum
723 1195 867 1239 animo
891 1194 971 1250 sit,
1008 1203 1158 1238 tamen
1196 1193 1243 1238 in
1276 1193 1378 1254 ipsis
1416 1192 1671 1237 hominibus

278 1285 406 1313 nemo
430 1282 695 1329 quemquam
714 1282 803 1312 11011
825 1266 1016 1327 potuisse
1034 1264 1201 1327 aliquid
1217 1265 1471 1310 criminatus
1484 1272 1562 1308 est.
1582 1266 1671 1309 Ne·-

278 1340 499 1400 gligentiae
517 1355 621 1384 vero
642 1339 903 1398 vituperatio
923 1338 1065 1383 multo
1084 1347 1147 1382 est
1169 1353 1302 1398 quam
1324 1336 1500 1381 malitiae
1516 1335 1673 1380 crude-

278 1411 500 1471 litatisque
523 1409 764 1470 purgatior.
793 1412 947 1470 Itaque
963 1409 1086 1454 velut
1101 1407 1379 1469 compellitur
1399 1407 1508 1452 ratio
1525 1416 1674 1451 tenere

279 1499 370 1528 non
388 1483 615 1526 immemor
631 1480 825 1539 pietatis3
842 1490 917 1524 aut
936 1480 1016 1524 ista
1038 1489 1209 1525 terrena
1225 1495 1315 1525 non
1330 1494 1454 1540 posse
1471 1494 1496 1522 a
1515 1476 1674 1523 divinis

280 1552 592 1607 administrari,
620 1560 696 1596 aut
712 1550 878 1610 negligi
900 1560 1033 1612 atque
1058 1551 1278 1597 contemni
1299 1550 1444 1610 potius
1461 1564 1594 1610 quam
1615 1548 1675 1594 ita

282 1623 542 1685 gubernari,
566 1631 618 1668 ut
652 1622 795 1667 onmis
828 1621 884 1666 de
918 1625 1010 1667 Deo
1032 1622 1088 1667 sit
1118 1622 1234 1667 mitis
1257 1631 1388 1682 atque
1408 1617 1677 1681 inculpanda

282 1696 554 1759 conquestio.

342 1773 401 1814 II.
441 1769 525 1815 Sed
558 1768 655 1830 quis
690 1777 779 1813 tam
817 1783 956 1813 ccecus
988 1776 1054 1813 est
1093 1774 1262 1822 mente,
1287 1773 1338 1810 ut
1358 1763 1599 1827 quidquam
1629 1762 1675 1809 in

282 1840 509 1887 movendis
528 1840 784 1900 corporibus
801 1839 981 1884 rationis
1005 1837 1128 1899 quod
1142 1847 1302 1898 praeter
1316 1837 1556 1881 humanam
1583 1834 1675 1880 dis.-

283 1912 544 1974 positionem
562 1927 610 1955 ac
625 1910 899 1954 voluntatem
915 1918 979 1954 est
990 1944 1001 1965 ‚
1021 1908 1181 1953 divinae
1194 1907 1401 1968 potentiae
1418 1906 1678 1952 moderatio-

283 1984 418 2044 nique
441 1982 545 2027 dare
563 1981 758 2025 dubitet:
780 1981 861 2024 nisi
879 1978 991 2024 forte
1016 1988 1092 2024 aut
1112 1979 1283 2024 casibus
1305 1989 1394 2024 tam
1415 1988 1507 2024 rata
1534 1978 1677 2023 subti-

284 2055 403 2116 lique
426 2053 697 2099 dimensione
717 2052 789 2097 vel
808 2051 1200 2096 minutissimorum
1217 2066 1495 2112 quorumque
1517 2050 1678 2094 anima-

283 2125 392 2172 lium
410 2125 606 2170 membra
620 2125 890 2184 figurantur3
911 2132 986 2167 aut
1004 2123 1123 2184 quod
1141 2138 1244 2167 casu
1260 2122 1356 2183 quis
1373 2130 1525 2180 negat,
1542 2120 1678 2181 possit

285 2198 368 2242 nisi
387 2197 554 2242 ratione
577 2195 744 2241 factum
766 2194 892 2239 fateri
910 2215 921 2252 3
947 2204 1023 2239 aut
1044 2209 1146 2239 vero
1167 2208 1247 2253 per
1268 2192 1514 2238 universam
1547 2200 1678 2236 natu-

286 2284 399 2324 ram,
424 2268 545 2329 quod
565 2267 611 2311 in
627 2265 806 2327 singulis
824 2265 1073 2326 quibusque
1090 2265 1220 2309 rebus
1237 2262 1349 2308 nihil
1377 2271 1467 2308 arte
1484 2263 1678 2308 humana

288 2348 511 2399 satagente
543 2337 793 2383 ordinatum
834 2337 1044 2380 miramur
1058 2372 1070 2392 ⁷
1115 2335 1300 2380 alienare
1334 2350 1358 2378 a
1391 2334 1676 2378 secretissimo

288 2412 518 2472 majestatis
541 2410 718 2455 arbitrio
747 2407 845 2453 ullis
869 2409 994 2467 nugis
1011 2424 1136 2454 vanae
1158 2407 1375 2468 opinionis
1398 2405 1671 2451 audebimus.

289 2485 344 2527 ,tt
364 2482 480 2526 enim
499 2483 582 2525 hoc
603 2481 746 2541 ipsum
769 2489 832 2524 est
858 2480 1027 2540 plenius
1045 2478 1337 2541 quaestionum
1354 2511 1366 2534 ‚
1392 2478 1513 2540 quod
1536 2492 1675 2521 mem-

290 2553 361 2597 bra
388 2552 572 2613 publicis
598 2551 804 2612 disposita
827 2551 934 2596 mire
952 2561 1083 2613 atquc
1105 2549 1307 2598 distincta
1330 2558 1432 2599 sunt
1447 2584 1458 2606 ‚
1483 2564 1584 2594 cum
1604 2547 1672 2592 in-
