1888 3168
731 203 786 230 DE
817 200 973 229 MUSICA
1007 201 1089 228 Lm.
1127 202 1186 228 vr.
1575 186 1657 224 517

261 270 347 328 cit3
382 268 459 314 sed
492 267 612 314 vides
639 283 740 329 quae
777 266 1008 312 inundatio
1050 275 1094 311 et
1128 266 1354 310 affluentia
1395 264 1661 326 praedicetur

263 341 396 387 fontis
418 340 571 386 aeterni
589 361 599 398 3
623 356 755 401 quam
773 340 904 384 etiam
921 338 1107 383 ebrietas
1123 336 1329 398 quaedam
1346 337 1632 398 consequitur
1650 356 1661 383 x

263 430 352 475 quo
370 412 549 458 nomine
563 411 672 456 mihi
688 411 866 457 videtur
886 409 1145 456 mirabiliter
1158 409 1393 469 significari
1411 407 1574 454 oblivio
1589 407 1664 454 illa

263 484 541 531 saecularium
581 483 827 529 vanitatum
866 492 998 544 atque
1037 481 1414 542 phantasmatum.
1460 479 1666 525 Contexit

264 556 424 603 deinde
446 564 629 612 caetera,
655 565 698 600 et
721 554 829 600 dicit
853 575 862 601 z
894 575 914 598 «
945 558 997 600 In
1019 553 1187 599 lumine
1215 562 1293 598 tuo
1315 551 1564 598 videbimus
1591 551 1667 597 lu-

267 648 287 672 »
323 644 441 674 men.
468 627 700 673 Praetende
723 627 1066 673 misericordiam
1094 634 1216 670 tuam
1250 623 1488 670 scientibus
1506 626 1585 669 te1.
1614 627 1666 669 In

267 720 288 744 »
322 700 506 756 lumine,
530 718 550 742 »
577 699 743 745 scilicet
763 700 810 744 in
832 700 1006 746 Christo
1031 696 1353 759 accipiendum,
1379 697 1456 758 qui
1482 698 1666 758 Sapien-

263 774 322 818 tia
338 773 417 818 Dei
435 781 514 828 est,
540 781 584 816 et
605 772 756 817 lumen
777 772 937 817 totiens
958 769 1220 832 appellatur.
1250 769 1335 815 Ubi
1357 784 1460 828 ergo
1485 769 1664 826 dicitur,

267 864 288 888 «
323 843 627 901 Videbimus,»
650 853 730 889 et«
755 844 1003 890 Scientibus
1026 852 1085 899 te,
1107 861 1127 884 »
1153 842 1305 903 negari
1327 857 1419 887 non
1440 850 1586 903 potest
1599 840 1669 887 fu-

263 917 482 962 turamibi
499 931 590 961 esse
603 916 901 977 prudentiam.
923 919 993 961 An
1008 914 1147 960 videri
1159 930 1314 959 verum
1326 914 1498 960 bonum
1511 914 1670 959 animae

264 998 308 1034 et
334 989 433 1034 sciri
456 998 622 1049 potest,
649 989 726 1033 ubi
747 986 872 1033 nulia
894 987 1131 1049 prudentia
1148 988 1238 1032 est?
1260 990 1312 1031 D.
1335 988 1433 1031 Jam
1450 985 1671 1046 intelligo.

324 1064 446 1106 LIII.
485 1064 546 1106 M.
578 1060 718 1117 Quid,
744 1060 851 1105 recti
879 1059 1012 1106 corde
1045 1069 1230 1120 possunt
1256 1073 1347 1104 esse
1369 1058 1459 1103 fine
1471 1059 1672 1120 justitia?

264 1136 316 1177 D.
345 1136 626 1192 Recognosco
648 1132 732 1178 isto
754 1134 935 1178 nomine
962 1132 1159 1177 crebrius
1183 1131 1417 1191 significari
1433 1131 1668 1192 justitiam.

263 1208 324 1251 M.
348 1204 467 1260 Quid
484 1221 588 1265 ergo
602 1206 810 1250 admonet
823 1205 944 1250 aliud
959 1206 1181 1265 Propheta
1196 1203 1313 1249 idem
1331 1213 1670 1265 consequenter,

263 1293 366 1323 cum
389 1278 506 1323 canit
524 1297 532 1323 :
552 1281 644 1323 «Et
660 1278 877 1339 justitiam
895 1287 1017 1322 tuam
1034 1277 1083 1321 iis
1100 1278 1178 1338 qui
1199 1286 1320 1322 recto
1343 1286 1446 1321 sunt
1468 1275 1669 1322 corde2?„

263 1352 316 1394 D.
342 1348 627 1394 Manifestum
642 1359 720 1393 est.
738 1351 799 1393 M.
819 1351 913 1407 Age
928 1347 1153 1408 deinceps,
1179 1348 1427 1405 recordare,
1453 1350 1487 1393 si
1509 1349 1670 1410 placet,

263 1421 364 1466 satis
401 1436 481 1465 nos
522 1421 721 1481 superius
759 1430 989 1476 tractasse,
1023 1421 1228 1481 superbia
1265 1420 1353 1466 labi
1391 1422 1583 1466 animam
1616 1421 1675 1466 ad

263 1493 455 1538 actiones
484 1492 697 1554 quasdam
724 1492 952 1553 potestatis
981 1508 1098 1549 suae,
1133 1502 1177 1537 et
1204 1493 1440 1538 universali
1471 1492 1570 1554 lege
1593 1509 1676 1539 ne·-

264 1565 404 1624 glecta
422 1565 469 1608 in
487 1564 657 1624 agenda
678 1564 885 1625 quaedam
908 1565 1078 1625 privata
1108 1566 1330 1622 cecidisse,
1366 1567 1488 1628 quod
1511 1566 1676 1612 dicitur

264 1645 507 1697 apostatare
531 1653 554 1681 a
576 1640 682 1681 Deo.
711 1640 763 1681 Ι).
792 1638 973 1682 Memini
1002 1653 1121 1682 vero.
1153 1641 1214 1682 M.
1246 1640 1359 1683 Cum
1393 1653 1496 1697 ergo
1516 1638 1562 1683 id
1585 1640 1675 1698 agit

263 1724 319 1753 ne
338 1708 520 1752 ulterius
538 1707 585 1752 id
602 1708 792 1753 delectet
810 1708 1067 1769 aliquando,
1092 1724 1240 1754 nonne
1263 1709 1345 1753 tibi
1363 1709 1539 1754 videtur
1556 1726 1675 1756 amo-

265 1796 356 1825 rem
389 1795 519 1824 suum
544 1781 680 1839 figere
702 1780 748 1824 in
771 1783 879 1836 Deo,
907 1789 951 1824 et
973 1780 1028 1825 ab
1055 1781 1175 1825 omni
1199 1781 1538 1842 inquinamento
1561 1792 1675 1828 tem-

263 1851 532 1912 peratissime
555 1860 598 1895 et
614 1851 850 1896 castissime
873 1861 917 1896 et
938 1852 1209 1897 securissime
1220 1853 1394 1898 vivere?
1416 1856 1468 1898 D.
1487 1853 1674 1899 Videtur

222 1986 225 1988 Ι
245 1939 382 1981 sane.
408 1925 469 1967 M.
497 1921 609 1966 Vide
636 1923 767 1967 ctiam
790 1921 1170 1984 quemadmodum
1192 1923 1238 1968 id
1263 1941 1443 1986 quoque
1458 1925 1674 1987 adengat

264 1996 485 2055 Propheta
507 1994 657 2039 dicens
680 2015 688 2039 :
721 2014 741 2037 α
763 1998 861 2041 Non
882 1996 1031 2041 veniat
1048 1996 1156 2041 mihi
1179 2012 1255 2057 pes
1272 1997 1525 2058 superbiae-³.
1548 2018 1568 2040 »
1596 2003 1676 2044 Pe-

191 2128 195 2132 .
263 2067 365 2112 dem
387 2067 505 2111 enim
527 2065 754 2127 appellans
770 2067 1010 2128 diSCQtlm
1031 2068 1177 2129 ipsum
1189 2067 1420 2130 lapsumve
1437 2069 1670 2130 significat,

265 2156 289 2184 a
311 2155 402 2200 quo
424 2139 567 2183 anima
584 2139 869 2200 temperando
890 2139 1110 2186 inhaerens
1131 2143 1223 2187 Deo
1245 2142 1353 2188 vivit
1367 2141 1413 2186 in
1435 2151 1670 2188 aeternum.

265 2214 317 2256 D.
344 2211 524 2271 Accipio
548 2220 592 2255 et
614 2227 791 2272 sequor.

327 2286 441 2327 LIV.
481 2286 542 2328 M.
586 2287 736 2329 Restat
767 2285 899 2343 igitur
921 2286 1155 2332 fortitudo.
1192 2287 1275 2333 Sed
1310 2297 1361 2333 ut
1383 2290 1674 2350 temperantia

267 2364 420 2400 contra
446 2354 635 2415 lapsum,
661 2357 738 2417 qui
762 2356 889 2418 estin
909 2356 1047 2403 libera
1079 2360 1308 2404 voluntate
1325 2397 1335 2417 ,
1368 2362 1427 2406 sic
1457 2361 1675 2408 fortitudo

267 2435 420 2470 contra
443 2427 530 2471 vim
551 2427 689 2483 valet,
726 2443 814 2490 qua
843 2429 974 2474 etiam
999 2432 1094 2489 cogi
1125 2432 1223 2492 quis
1250 2441 1422 2492 potest,
1455 2434 1489 2478 si
1527 2434 1674 2479 minus

268 2497 390 2544 fortis
404 2498 459 2543 sit
477 2498 532 2543 ad
549 2515 599 2544 ea
617 2501 777 2561 quibus
796 2510 1033 2557 evertatur,
1052 2511 1096 2546 et
1107 2503 1376 2550 miserrimus
1388 2506 1544 2566 jaceat.
1569 2508 1676 2552 Haec

317 2591 325 2606 ¹
350 2584 432 2616 Pstal.
458 2596 554 2626 ww,
577 2597 637 2625 ιο,
656 2598 705 2617 11.
728 2604 769 2608 —-
788 2586 896 2618 ²Ibi-l.
922 2604 960 2609 --
985 2586 997 2610 3
1025 2587 1104 2619 lbid.
1127 2598 1177 2621 12.
