1883 3194
508 196 672 228 comma
705 197 984 236 acAnmnc-os,
1020 198 1144 226 mimir
1177 201 1225 225 11.
1512 183 1566 223 45

161 261 456 324 plecteretur?
477 264 648 309 Miraris
665 263 784 318 haec,
821 272 865 308 et
883 261 1067 307 forsitan
1103 262 1234 307 rides.
1272 259 1391 316 Quid
1413 260 1447 305 si
1469 261 1566 305 haec

161 335 423 396 explicarem
445 345 496 381 ut
515 336 747 381 volebam?
769 335 888 389 Quid
909 334 940 379 si
966 333 1120 379 saltem
1138 350 1243 389 vox,
1269 335 1304 378 si
1333 334 1477 378 adhuc
1496 332 1564 377 fa-

161 408 248 453 cies
268 407 408 453 videri
439 423 463 452 a
479 417 522 452 te
539 424 630 453 non
649 417 818 469 potest,
846 405 981 467 ipsius
1001 405 1292 467 philosophiae
1318 413 1463 465 posset
1485 420 1566 449 au-

161 479 270 524 diri?
286 479 505 525 Mirareris
525 479 743 541 profecto,
762 478 838 524 sed
855 494 946 523 non
968 477 1155 535 rideres,
1182 493 1274 523 non
1296 476 1564 537 desperares.

160 550 302 597 Crede
323 551 453 607 mihi,
479 550 534 596 de
551 550 676 596 nullo
699 549 1025 612 desperandum
1040 559 1126 605 est,
1155 548 1211 594 de
1233 547 1397 594 talibus
1419 557 1570 592 autem

162 622 357 667 minime.
375 623 568 668 Omnino
582 632 686 668 sunt
699 621 912 684 exempla,
934 620 1062 666 facile
1076 620 1238 676 evadit,
1258 619 1387 665 facile
1400 618 1571 665 revolat

161 694 246 739 1106
264 710 402 753 genus
423 694 573 739 avium
589 693 738 739 multis
760 692 938 739 inclusis
960 692 1151 737 multum
1168 691 1447 736 mirantibus.

222 767 348 810 VIII.
376 764 462 812 Sed
480 764 538 810 ad
553 781 632 811 nos
656 764 911 821 redeamus,
937 780 1017 810 nos
1039 765 1245 826 inquam,
1269 761 1566 815 Romaniane,

162 836 525 898 philosophemur
552 857 561 882 ι
593 836 776 882 reddam
800 836 881 881 tibi
915 836 1123 897 gratiam,
1158 834 1275 879 filius
1298 843 1400 879 tuus
1434 832 1572 893 coepit

158 911 248 971 jam
265 909 566 970 philosophari
588 929 597 955 :
630 925 711 970 ego
724 925 827 954 eum
843 909 1035 969 reprimo
1048 944 1059 964 ,
1087 917 1139 953 ut
1160 906 1400 968 disciplinis
1419 921 1571 951 neces-

162 980 281 1026 sariis
303 980 423 1041 prius
436 980 634 1026 excultus
650 981 867 1040 vigentior
889 989 933 1025 et
955 979 1122 1024 firmior
1146 979 1359 1037 insurgat,
1381 992 1572 1038 quarum

163 1061 206 1097 te
227 1068 282 1097 ne
298 1062 468 1098 metuas
491 1061 713 1114 expertem
730 1088 741 1108 ,
767 1052 802 1096 si
820 1052 934 1097 bene
950 1060 993 1096 16
1014 1050 1117 1096 novi
1136 1086 1146 1106 ,
1174 1065 1299 1095 auras
1313 1049 1395 1094 tibi
1412 1048 1572 1093 liberas

162 1133 337 1170 tantum
359 1134 480 1186 opto.
505 1128 619 1171 Nam
641 1124 697 1170 de
734 1123 883 1169 indole
913 1124 1024 1185 quid
1055 1122 1227 1168 dicam?
1266 1123 1445 1168 Utinam
1480 1136 1572 1166 non

161 1205 253 1241 tam
275 1212 372 1241 rara
403 1204 514 1241 esset
535 1196 581 1240 in
602 1195 882 1251 hominibus,
909 1210 1044 1256 quam
1066 1204 1184 1240 certa
1215 1204 1280 1239 est
1301 1193 1348 1238 in
1369 1202 1430 1238 16.
1458 1194 1571 1237 Res-

161 1277 258 1314 tant
285 1267 377 1314 duo
409 1268 515 1313 vitia
548 1277 592 1312 ct
627 1266 942 1328 impedimenta
972 1266 1251 1312 inveniendae
1289 1264 1510 1320 veritatis,
1548 1280 1573 1309 a

162 1340 326 1403 quibus
347 1340 428 1385 tibi
450 1355 541 1384 non
562 1338 756 1383 multum
778 1339 914 1382 timeo
934 1371 945 1392 ,
972 1340 1107 1381 timeo
1130 1348 1281 1380 tamen
1309 1353 1366 1381 ne
1389 1345 1433 1381 te
1463 1352 1571 1381 con-

163 1421 332 1456 temnas
348 1445 359 1466 ,
400 1419 534 1471 atque
572 1409 859 1454 inventurum
881 1423 971 1452 6336
994 1407 1196 1468 desperes
1211 1442 1222 1463 ,
1262 1416 1339 1451 aut
1376 1415 1495 1452 certe
1516 1422 1574 1451 ne

161 1482 378 1528 invenisse
404 1490 449 1526 te
472 1480 638 1526 credas.
666 1482 866 1534 Quorum
888 1479 1082 1539 primum
1099 1479 1134 1523 si
1152 1487 1303 1523 tamen
1326 1478 1465 1534 inest,
1491 1478 1571 1522 ista

162 1554 244 1600 tibi
266 1552 504 1614 disputatio
521 1550 703 1597 fortasse
718 1549 936 1595 detrahet.
961 1549 1127 1610 Saepius
1150 1549 1270 1593 6111111
1288 1549 1574 1594 succensuisti

163 1624 452 1680 Academicis,
473 1639 524 1668 60
541 1622 720 1684 quidem
738 1621 924 1681 gravius,
950 1637 1039 1683 quo
1057 1620 1202 1665 minus
1221 1619 1419 1665 eruditus
1434 1636 1546 1665 esses
1559 1655 1570 1677 ,

163 1696 241 1743 sed
258 1713 309 1742 eo
330 1696 561 1750 libentius,
587 1693 710 1755 quod
730 1693 924 1738 veritatis
947 1708 1095 1738 amore
1121 1691 1387 1737 illiciebaris.
1416 1695 1572 1753 Itaque

158 1771 250 1831 jam
272 1784 373 1814 cum
395 1767 557 1828 Alypio
572 1803 583 1823 ,
619 1775 662 1810 te
697 1763 897 1821 fautore,
945 1765 1206 1824 confligam,
1245 1772 1289 1809 et
1326 1763 1408 1808 tibi
1445 1763 1574 1809 facile

164 1839 440 1903 persuadebo
463 1838 585 1901 quod
611 1837 735 1893 volo,
766 1836 1054 1898 probabiliter
1087 1845 1251 1880 tamen.
1283 1838 1395 1881 Nam
1427 1836 1573 1896 ipsum

164 1928 320 1958 verum
342 1927 432 1956 non
448 1910 616 1956 videbis
632 1946 643 1965 ,
669 1910 751 1954 nisi
768 1909 815 1953 in
834 1907 1159 1970 philosophiam
1181 1916 1300 1952 totus
1323 1907 1567 1952 intraveris.

168 1983 287 2030 Illud
307 1992 455 2028 autem
477 1981 688 2037 alterum,
715 1979 838 2042 quod
868 1989 911 2024 16
949 1979 1130 2025 fortasse
1160 1977 1330 2040 aliquid
1358 1979 1571 2023 invenisse

166 2055 410 2117 praesumis,
437 2053 636 2115 quamvis
660 2068 684 2097 a
706 2051 834 2097 nobis
845 2051 938 2112 jam
957 2066 1156 2112 quaerens
1171 2049 1470 2111 dubitansque
1488 2049 1573 2095 dis-

166 2126 342 2173 cesseris
367 2144 376 2170 :
412 2134 560 2170 tamen
582 2124 617 2168 si
648 2122 757 2185 quid
780 2122 1101 2183 superstitionis
1133 2121 1180 2165 111
1212 2121 1410 2165 animum
1443 2137 1571 2166 revo-

166 2199 314 2245 lutum
332 2206 417 2253 est,
449 2197 643 2258 ejicietur
664 2192 886 2256 profecto,
918 2193 990 2239 vel
1011 2209 1114 2239 cum
1142 2193 1223 2238 tibi
1243 2192 1436 2254 aliquam
1458 2193 1573 2238 inter

168 2287 247 2316 nos
270 2268 613 2330 disputationem
640 2287 660 2310 «
685 2267 740 2311 (16
763 2266 960 2326 Regione
985 2284 1005 2307 >›
1032 2265 1189 2310 misero
1204 2300 1215 2321 ,
1237 2263 1310 2309 vel
1332 2281 1433 2310 cum
1454 2280 1571 2325 prae-

169 2358 267 2387 sens
288 2351 437 2387 tecum
458 2339 599 2385 multa
621 2338 867 2384 contulero.

221 2416 300 2459 IX.
315 2416 410 2473 Ego
424 2412 541 2458 enim
555 2427 675 2457 nunc
687 2410 808 2456 aliud
819 2409 931 2455 nihil
943 2425 1041 2470 ago,
1057 2425 1190 2472 quam
1202 2424 1273 2454 me
1285 2409 1377 2470 ipse
1390 2424 1532 2469 purgo
1549 2425 1573 2453 a

170 2485 292 2531 vanis
305 2484 645 2546 perniciosisque
661 2482 958 2544 opinionibus.
971 2485 1126 2543 Itaque
1140 2497 1232 2526 non
1242 2479 1401 2525 dubito
1415 2480 1571 2524 melius

173 2557 280 2603 mihi
302 2572 416 2612 6336,
445 2571 578 2617 quam
613 2554 708 2600 tibi.
747 2556 896 2600 Unum
919 2562 1089 2598 tantum
1119 2562 1184 2598 est
1211 2552 1331 2598 unde
1352 2551 1573 2597 invideam
