1888 3168
263 159 348 202 346
687 170 722 199 s.
758 168 990 200 Ancus-rmr
1022 170 1206 200 Enscom

262 240 351 284 duo
373 236 429 282 ad
441 237 531 282 duo
542 272 553 293 ,
573 237 655 282 tria
669 236 725 282 ad
736 236 818 282 tria
829 272 840 294 ,
856 245 1047 298 quatuor
1060 235 1116 281 ad
1131 245 1322 298 quatuor
1339 251 1388 281 ac
1401 239 1606 301 deinceps
1624 241 1658 286 si

259 325 495 371 persequar
517 309 616 370 quis
637 309 734 354 finis
757 308 860 364 erit,
886 323 988 353 cum
1016 308 1162 369 ipsum
1182 309 1356 354 muneri
1389 310 1488 354 finis
1511 311 1659 357 nullus

261 383 349 428 sit?
370 384 568 443 Namque
589 382 670 427 ista
687 381 752 427 vis
769 395 953 426 numero
975 379 1108 437 inest,
1125 390 1176 426 ut
1189 382 1330 426 omnis
1352 381 1494 427 dictus
1510 382 1659 429 finitus

261 455 317 500 sit
331 490 342 511 ,
360 470 451 499 non
468 452 610 499 dictus
631 462 779 499 autem
799 452 1011 497 infinitus.
1027 455 1085 498 Et
1096 452 1219 514 quod
1229 453 1473 515 aequalibus
1486 453 1633 500 evenit
1645 490 1657 511 ,

261 527 347 572 hoc
368 526 499 571 etiam
521 524 812 586 inaequalibus
846 524 1019 570 evenire
1039 533 1161 586 potes
1183 525 1552 582 animadvertere,
1572 525 1661 571 sive

262 596 546 658 complicatis,
557 597 645 642 sive
658 595 883 657 sesquatis,
896 596 984 642 sive
998 597 1340 654 connumeratis,
1351 597 1439 643 sive
1455 598 1661 642 dinume-

262 670 380 715 ratis.
395 669 438 715 Si
453 669 571 714 enim
593 684 735 714 unum
750 668 807 713 ad
822 667 912 714 duo
933 669 1187 726 constituas,
1209 670 1309 714 etin
1323 683 1373 714 ea
1389 669 1661 731 multiplica-

262 744 381 788 tione
393 757 651 803 permanere
664 741 786 798 velis,
800 740 989 786 dicendo
1002 757 1143 786 unum
1155 740 1212 786 ad
1223 741 1321 798 tria,
1332 757 1473 786 unum
1484 741 1541 786 ad
1553 757 1664 803 qua-

263 825 380 873 tuor,
394 831 535 861 unum
559 814 616 859 ad
638 815 834 876 quinque
847 824 891 859 et
908 814 1128 876 deinceps,
1143 830 1235 860 non
1246 815 1328 860 erit
1344 814 1457 871 finis,
1468 816 1557 860 sive
1573 814 1663 859 sola

263 887 416 948 dupla,
434 896 485 932 ut
503 902 645 931 unum
661 885 718 931 ad
735 887 842 943 duo,
860 887 950 932 duo
969 886 1024 931 ad
1039 896 1244 948 quatuor,
1262 895 1452 948 quatuor
1469 886 1525 931 ad
1537 895 1637 931 octo
1648 921 1660 942 ,

263 969 363 1005 octo
379 958 435 1005 ad
447 958 635 1004 sedecim
650 968 694 1003 et
705 957 881 1015 deinde,
891 957 964 1003 hic
979 974 1159 1021 quoque
1173 958 1322 1004 nullus
1338 967 1402 1003 est
1412 958 1510 1002 finis
1526 976 1535 1003 z
1551 958 1610 1002 ita
1621 966 1665 1002 et

262 1032 393 1092 tripla
405 1032 495 1078 sola
509 1042 553 1077 et
566 1031 813 1094 quadrupla
824 1030 914 1077 sola
931 1041 975 1076 et
990 1032 1209 1094 quidquid
1226 1033 1385 1077 horum
1403 1039 1572 1076 tentare
1585 1046 1666 1075 vo-

262 1105 394 1150 lueris
412 1105 457 1149 in
480 1105 703 1150 infinitum
720 1105 1078 1165 progrediuntur.
1098 1108 1165 1150 Ita
1181 1105 1311 1150 etiam
1331 1103 1543 1165 sesquati:
1564 1118 1666 1147 113111

263 1177 354 1222 duo
367 1178 422 1222 ad
436 1177 517 1222 tria
532 1177 636 1234 ,tria
651 1176 707 1222 ad
717 1186 923 1238 quatuor,
935 1186 1125 1238 quatuor
1148 1176 1202 1221 ad
1218 1177 1417 1238 quinque
1439 1190 1542 1220 cum
1555 1174 1665 1219 dici-

262 1265 360 1294 mus
371 1286 381 1306 ,
396 1249 517 1295 vides
530 1249 641 1294 nihil
650 1249 886 1310 prohibere
901 1259 1057 1294 caetera
1069 1249 1294 1310 persequi,
1308 1246 1433 1293 nullo
1441 1247 1668 1292 resistente

262 1323 350 1366 fine
370 1343 382 1380 3
401 1322 488 1367 sive
515 1322 598 1367 isto
625 1323 760 1367 modo
786 1320 892 1367 velis
915 1323 962 1366 in
984 1320 1140 1367 eodem
1175 1336 1334 1381 genere
1364 1334 1665 1381 perseveram,

262 1403 314 1438 ut
335 1394 425 1439 duo
448 1393 504 1439 ad
525 1394 627 1450 tria,
654 1403 844 1455 quatuor
876 1394 931 1438 ad
963 1409 1057 1449 sex,
1083 1408 1158 1438 sex
1191 1392 1247 1436 ad
1274 1407 1434 1436 novem
1450 1426 1461 1447 ,
1488 1400 1590 1435 octo
1613 1389 1669 1434 ad

263 1464 499 1510 duodecim
513 1501 523 1521 ,
555 1465 708 1510 decem
736 1464 790 1509 ad
808 1463 1062 1526 quindecim
1083 1473 1127 1508 et
1153 1463 1383 1523 deinceps,
1404 1461 1493 1507 sive
1513 1461 1560 1505 in
1582 1461 1668 1505 hoc

264 1551 444 1595 genere,
470 1536 558 1580 sive
586 1536 633 1580 in
654 1536 820 1580 caeteris
836 1571 846 1590 ,
871 1535 1020 1580 nullus
1042 1535 1141 1579 finis
1169 1534 1377 1578 occurrit.
1405 1533 1526 1587 Quid
1559 1546 1669 1592 opus

265 1617 329 1652 est
348 1607 403 1653 de
421 1607 708 1652 dinumeratis
727 1607 819 1667 jam
844 1606 990 1652 dicere
1006 1642 1017 1662 ,
1038 1621 1140 1650 cum
1169 1621 1220 1649 ex
1248 1605 1299 1649 iis
1321 1621 1422 1666 quae
1439 1605 1532 1666 jam
1554 1603 1670 1648 dicta

265 1689 368 1725 sunt
389 1680 532 1741 quivis
554 1679 801 1739 intelligere
817 1678 955 1739 possit
969 1714 979 1734 ,
1000 1678 1048 1721 in
1069 1678 1120 1722 iis
1143 1691 1322 1738 quoque
1342 1675 1557 1735 gradatim
1572 1691 1670 1721 sur-

267 1752 472 1812 gentibus
496 1751 669 1796 nullum
692 1766 782 1796 esse
810 1751 970 1794 finem?
993 1765 1050 1793 an
1069 1748 1150 1793 tibi
1179 1764 1271 1793 11011
1291 1748 1491 1793 videtur?

324 1826 448 1869 XIX.
485 1827 536 1868 D.
572 1822 690 1878 Quid
716 1824 801 1868 hoc
828 1837 934 1867 vero
960 1821 1106 1866 verius
1137 1819 1223 1864 dici
1255 1821 1430 1880 potest?
1466 1817 1552 1864 Sed
1578 1819 1671 1879 jam

265 1896 387 1941 1113111
408 1896 642 1951 rationem,
664 1910 764 1955 quae
786 1894 913 1937 istam
933 1893 1197 1936 infinitatem
1225 1900 1401 1936 revocat
1422 1890 1479 1936 ad
1500 1900 1671 1935 certum

265 1967 451 2013 modum
473 1966 752 2027 formamque
767 1963 1012 2026 praescribit
1023 1999 1034 2019 ,
1055 1979 1190 2025 quam
1207 1961 1414 2007 excedere
1430 1978 1522 2007 non
1537 1978 1670 2022 opor-

268 2052 382 2097 teat,
409 2040 654 2086 avidissime
676 2053 936 2097 cognoscere
954 2045 1149 2097 expecto.
1174 2037 1236 2081 M.
1256 2038 1379 2081 Hanc
1406 2050 1585 2096 quoque
1622 2044 1672 2079 ut

269 2113 351 2159 alia
372 2114 654 2174 temetipsum
683 2127 808 2157 nosse
843 2125 1079 2170 cognosces
1098 2145 1109 2165 ,
1135 2124 1237 2153 cum
1266 2124 1338 2153 me
1374 2107 1672 2167 interrogante

267 2202 369 2232 vera
394 2184 682 2246 responderis.
709 2186 820 2229 Nam
840 2182 984 2243 primo
1010 2181 1086 2226 abs
1108 2189 1151 2226 te
1172 2196 1350 2242 quaero,
1371 2179 1581 2241 quoniam
1617 2178 1672 2224 de

267 2258 510 2303 numerosis
529 2256 722 2302 motibus
743 2255 909 2313 agimus
921 2290 931 2309 ,
949 2263 1101 2298 utrum
1117 2254 1232 2314 ipsos
1253 2252 1495 2297 debeamus
1517 2266 1673 2296 consu-

266 2329 356 2374 lere
370 2345 574 2374 numeros
586 2365 596 2384 ,
612 2337 663 2373 ut
677 2343 784 2389 quas
801 2326 929 2371 nobis
946 2325 1061 2385 leges
1084 2333 1222 2370 certas
1238 2325 1435 2386 fixasque
1451 2332 1671 2368 monstra-

265 2402 430 2455 verint,
457 2417 527 2445 eas
544 2402 589 2445 in
610 2399 694 2445 illis
712 2399 905 2444 motibus
925 2396 1334 2443 animadvertendas
1353 2395 1670 2442 observandas-

268 2489 354 2534 que
387 2471 650 2533 judicemus.
691 2475 742 2516 D.
784 2471 932 2516 Placet
966 2485 1070 2515 vero
1089 2489 1097 2515 :
1134 2485 1225 2514 non
1261 2469 1381 2513 enim
1428 2468 1672 2530 quidquam

269 2543 509 2588 ordinatius
524 2543 617 2588 fleri
639 2558 763 2603 posse
778 2543 980 2589 arbitror.
1001 2544 1062 2588 M.
1083 2543 1202 2600 Ergo
1219 2541 1274 2586 31)
1293 2541 1388 2601 ipso
1399 2576 1409 2596 ,
1425 2541 1460 2585 si
1472 2538 1667 2594 videtur,
