1888 3168
277 166 360 205 338
723 176 757 202 s.
793 171 1024 202 Anonsnm
1057 172 1238 201 muscori

275 333 1669 356 mmmmmmmmmmmmmmmmmmmm

804 461 1024 517 CAPUT
1063 462 1152 510 VI.

483 595 719 642 cantores
743 595 1005 641 theatricos
1028 597 1216 642 nescire
1238 598 1489 642 musicam.

334 734 414 778 XI.
425 735 621 781 Nonne-M
634 743 697 779 est
705 735 805 779 satis
819 734 940 795 quod
951 733 1120 779 sactum
1132 743 1211 791 est,
1223 750 1305 780 nec
1318 734 1374 780 ad
1381 735 1472 796 ejus
1482 734 1672 795 explica-

276 804 440 850 fionem
467 806 647 850 transire
677 821 756 851 nos
778 806 941 863 sinam,
970 806 1053 851 nisi
1077 805 1454 868 quemadmodum
1476 807 1673 852 constitit

273 875 387 920 inter
408 892 486 921 nos
504 893 630 937 posse
649 877 880 922 histriones
902 877 993 922 sine
1014 877 1095 922 ista
1117 876 1295 922 scientia
1322 877 1569 923 satisfacere
1590 893 1672 924 vo*

273 947 433 1009 luptati
469 949 641 994 aurium
678 949 980 1011 popularium,
1019 950 1080 995 ita
1111 951 1242 996 etiam
1267 950 1391 996 nullo
1419 950 1552 996 modo
1583 965 1674 995 esse

273 1036 397 1081 posse
427 1022 657 1067 histriones
683 1023 861 1067 musieae
885 1021 1100 1068 studiosos
1134 1024 1385 1085 peritosque
1412 1022 1670 1068 constiterit.
1733 1042 1741 1045 >

273 1095 327 1137 D.
348 1093 511 1138 Mirum
534 1094 568 1138 si
589 1095 673 1139 hoc
695 1094 906 1139 effeceris.
937 1098 998 1140 M.
1033 1094 1180 1140 Facile
1205 1095 1251 1139 id
1276 1094 1483 1157 quidem,
1510 1094 1588 1139 sed
1612 1103 1677 1138 at-

276 1164 465 1210 tentiore
498 1175 542 1210 te
570 1166 681 1210 mihi
711 1182 820 1227 opus
841 1176 922 1211 est.
948 1170 1001 1211 D.
1031 1169 1270 1228 Nunquam
1311 1166 1520 1229 equidem
1555 1165 1678 1227 quod

273 1237 406 1282 sciam
420 1238 690 1284 remissiorin
702 1239 923 1284 audiendo
938 1237 1002 1283 fui
1015 1275 1026 1295 ,
1048 1239 1103 1284 ab
1122 1255 1264 1301 usque
1280 1255 1420 1284 sermo
1440 1240 1519 1284 iste
1532 1253 1680 1298 sump-

274 1308 331 1354 sit
355 1308 609 1355 exordium:
640 1309 717 1355 sed
733 1326 853 1355 nunc
879 1326 950 1355 me
967 1310 1107 1356 fateor
1128 1310 1270 1356 multo
1292 1310 1548 1355 erectiorem
1574 1308 1678 1354 red-

278 1379 445 1426 didisti.
471 1384 533 1427 M.
561 1384 748 1427 Gratum
767 1383 934 1439 habeo,
961 1398 1217 1444 quanquam
1246 1383 1327 1427 tibi
1352 1392 1395 1427 te
1414 1381 1675 1427 commodes

277 1454 429 1514 magis.
476 1457 633 1516 Itaque
662 1455 902 1515 responde,
933 1455 967 1500 si
988 1454 1155 1516 placet,
1186 1464 1339 1499 utrum
1367 1454 1449 1498 tibi
1477 1454 1680 1498 videatur

276 1526 385 1571 scire
407 1524 516 1586 quid
542 1526 597 1571 sit
618 1542 776 1571 aureus
807 1526 997 1582 solidus7
1019 1527 1098 1588 qui
1119 1542 1222 1570 eum
1245 1541 1374 1587 {equo
1395 1525 1537 1585 pretio
1571 1540 1682 1570 ven-

277 1596 382 1641 dere
416 1597 618 1658 cupiens,
660 1596 814 1642 decem
851 1612 1056 1642 nummos
1103 1613 1206 1641 eum
1237 1596 1383 1642 valere
1412 1595 1632 1656 putaverit
1663 1597 1682 1640 Ρ

276 1670 330 1713 1).
356 1669 441 1715 Cui
455 1670 541 1714 hoc
561 1668 765 1715 videatur
780 1672 867 1715 ΡΜ.
887 1672 1016 1716 Nunc
1031 1685 1110 1729 age
1128 1669 1199 1714 dic
1219 1669 1349 1724 mihi,
1375 1667 1483 1730 quid
1509 1668 1684 1713 charius

276 1739 537 1786 habendum
564 1741 642 1798 sit,
682 1741 805 1802 quod
837 1751 986 1786 nostra
1008 1740 1298 1800 intelligentia
1320 1741 1599 1796 continetur,
1627 1754 1684 1784 an

279 1812 403 1873 quod
448 1813 575 1858 nobis
621 1811 805 1859 fortuito
853 1813 1158 1874 imperitorum
1203 1812 1372 1873 judicio
1424 1812 1632 1856 tribuitur
1664 1814 1684 1856 Ξ)

211 1941 218 1947 ρ
279 1886 333 1929 D.
357 1883 477 1930 Nulli
498 1884 686 1929 dubium
707 1895 793 1941 est,
806 1884 936 1943 longe
954 1884 1068 1929 illud
1084 1885 1278 1945 primum
1289 1894 1496 1945 praestare
1515 1884 1684 1929 caeteris

279 1955 507 2012 omnibus,
533 1972 634 2017 quae
651 1972 707 2002 ne
728 1965 876 2001 nostra
899 1956 1080 2017 quidem
1102 1956 1300 2017 putanda
1321 1965 1424 2001 sunt
1450 1959 1537 2002 .M.
1567 1959 1684 2002 Num

278 2042 381 2085 ergo
428 2043 560 2086 negas
610 2044 787 2072 omnem
834 2028 1060 2072 scientiam
1095 2027 1386 2087 intelligentia
1423 2027 1638 2072 contineri
1665 2030 1684 2071 P

280 2102 332 2143 D.
364 2100 469 2153 Quis
492 2102 655 2159 negat?
689 2103 750 2145 M.
779 2103 836 2144 Et
865 2100 1029 2144 musica
1052 2100 1186 2159 igitur
1203 2099 1265 2143 ibi
1287 2109 1366 2144 est.
1393 2103 1445 2145 D.
1471 2099 1611 2144 Video
1633 2115 1685 2144 ex

276 2172 370 2231 ejus
392 2170 647 2216 definitione
670 2171 714 2216 id
732 2188 821 2216 esse
844 2187 1131 2234 consequens.
1154 2174 1215 2217 M.
1243 2172 1383 2227 Quid,
1406 2172 1586 2232 plausus
1603 2188 1681 2232 po-

282 2242 379 2302 puli
400 2252 443 2287 et
464 2243 611 2287 omnia
631 2242 706 2287 illa
728 2244 939 2288 theatrica
962 2243 1161 2304 praemia,
1184 2258 1332 2288 nonne
1366 2243 1446 2287 tibi
1464 2259 1514 2287 ex
1533 2259 1584 2288 eo
1608 2259 1684 2303 ge-

281 2329 385 2357 nere
402 2313 607 2359 videntur
621 2349 631 2369 ‚
657 2313 779 2375 quod
795 2315 841 2358 in
862 2324 1077 2375 potestate
1100 2315 1291 2359 fortunae
1309 2324 1353 2359 et
1379 2315 1683 2375 imperitorum

277 2384 445 2445 judicio
478 2386 667 2445 positum
691 2389 784 2430 est?
807 2390 858 2431 D.
885 2387 1004 2431 Nihil
1036 2388 1173 2446 magis
1197 2387 1384 2432 arbitror
1413 2403 1501 2432 esse
1530 2387 1684 2432 fortui-

288 2465 381 2500 tum
404 2455 732 2517 obnoxiumque
766 2458 936 2502 casibus
960 2466 1003 2501 et
1036 2457 1220 2518 plebeiae
1251 2458 1538 2503 dominationi
1561 2459 1682 2503 nuti-

285 2527 456 2590 busque
489 2527 762 2588 subjectum,
800 2545 932 2590 quam
962 2528 1035 2574 illa
1067 2529 1154 2574 sint
1193 2530 1353 2575 omnia.
1388 2533 1450 2576 M.
1492 2529 1683 2576 Hoccine
