1852 3163
261 225 314 262 86
691 236 723 262 s..
762 238 991 264 Accusrnw
1026 238 1206 264 EPlscoPl

258 316 367 363 quos
387 300 532 346 doceri
554 300 717 362 aliquid
736 303 910 362 pudeat.
931 306 1065 348 Laute
1085 301 1279 363 quidem,
1294 318 1320 347 o
1334 318 1472 362 graeca
1488 302 1638 349 indus-

257 374 335 418 tria
351 409 363 429 ,
388 374 604 418 succincta
627 383 670 418 et
693 383 839 434 parata
861 375 1060 434 procedis
1079 410 1091 430 ,
1116 374 1192 419 sed
1214 391 1305 420 non
1327 375 1499 435 respicis
1519 374 1640 422 illam

252 445 550 490 definitionem
573 454 616 489 et
637 445 865 491 inventum
887 461 976 490 esse
998 445 1271 506 philosophi,
1294 456 1338 491 et
1354 446 1399 491 in
1422 446 1639 493 vestibulo

254 515 541 577 philosophia:
573 516 702 560 fixam
738 526 871 577 atque
900 516 1142 562 fundatam.
1181 520 1323 571 Quam
1354 518 1389 562 si
1415 516 1639 563 succidere

253 587 441 632 tentabis
456 622 468 643 ,
493 585 632 631 rediet
653 587 854 647 bipennis
872 587 917 632 in
939 603 1092 634 crura:
1117 587 1188 632 illa
1211 588 1329 633 enim
1349 586 1635 644 labefactata,

251 674 343 705 non
378 658 520 704 solum
562 667 706 718 potest
735 658 903 720 aliquid
938 660 1117 720 percipi,
1148 659 1226 704 sed
1258 660 1389 705 etiam
1421 659 1468 705 id
1496 668 1640 720 potest

252 728 374 790 quod
398 728 668 774 simillimum
698 727 806 774 falso
827 739 891 775 est
906 765 918 786 ,
942 730 977 774 si
999 745 1095 776 earn
1114 746 1207 776 non
1226 729 1406 776 audebis
1428 738 1635 776 evertere.

251 803 330 846 Est
352 800 468 845 enim
490 799 725 845 latibulum
746 810 874 845 tuum
906 801 1026 846 unde
1045 802 1092 846 in
1125 802 1320 847 incautos
1347 801 1529 847 transire
1558 817 1640 847 cu·-

251 873 419 933 pientes
436 873 669 917 vehemens
691 873 881 933 erumpis
904 882 1036 935 atque
1054 873 1172 919 exilis
1191 891 1199 916 :
1226 873 1379 935 aliquis
1396 883 1455 930 te,
1478 876 1640 919 Hercu-

251 943 330 999 les,
348 944 393 988 in
411 953 486 988 tua
503 944 710 1004 spelunca
731 954 942 1005 tanquam
959 945 1312 990 semi-hominem
1323 947 1487 990 Cacum
1499 945 1640 990 suffo-

249 1014 367 1059 cabit
385 1050 396 1071 ,
422 1024 465 1059 et
486 1015 680 1076 ejusdem
701 1014 891 1060 molibus
911 1016 1143 1075 opprimet,
1170 1015 1330 1060 docens
1354 1015 1520 1077 aliquid
1551 1031 1642 1061 esse

250 1086 296 1130 in
318 1085 594 1146 philosophia
624 1086 745 1147 quod
775 1095 988 1148 tanquam
1021 1086 1160 1130 simile
1188 1085 1296 1132 falso
1326 1086 1543 1131 incertum
1565 1087 1643 1131 abs

250 1165 294 1200 te
317 1156 409 1200 fieri
443 1173 533 1201 non
556 1157 701 1217 possit.
729 1159 856 1202 Certe
880 1158 934 1202 ad
969 1157 1051 1206 alia
1074 1158 1388 1217 properabam,
1414 1158 1498 1203 hoc
1519 1158 1642 1219 quis-

249 1228 348 1288 quis
365 1237 508 1287 urget,
525 1238 567 1272 te
584 1228 743 1287 ipsum,
761 1227 1021 1283 Carneades,
1038 1243 1196 1288 magna
1210 1229 1344 1273 afficit
1356 1228 1638 1287 contumelia,

250 1315 383 1360 quem
406 1316 429 1343 a
458 1315 527 1343 me
549 1298 687 1344 veluti
710 1309 935 1344 mortuum
969 1308 1098 1359 putat
1119 1299 1391 1360 ubicumque
1412 1309 1488 1344 aut
1505 1298 1645 1344 unde-

249 1385 441 1431 cumque
462 1385 586 1430 posse
602 1370 810 1430 superari.
839 1369 882 1415 Si
898 1378 1043 1414 autem
1063 1385 1153 1413 11011
1170 1379 1318 1429 putat,
1340 1370 1642 1416 immisericors

249 1451 338 1496 est,
364 1440 440 1502 qui
462 1456 531 1484 me
553 1440 711 1500 passim
737 1439 934 1485 deserere
959 1438 1159 1500 praesidia
1189 1448 1233 1484 et
1253 1449 1399 1484 tecum
1421 1441 1467 1485 in
1487 1456 1643 1502 campo

248 1520 414 1557 certare
435 1511 580 1571 cogit:
612 1510 659 1554 in
679 1526 812 1572 quem
848 1508 1111 1555 descendere
1139 1526 1242 1555 cum
1266 1509 1517 1571 coepissem,
1549 1512 1643 1558 solo

250 1594 329 1629 tuo
356 1584 533 1628 nomine
567 1582 741 1628 territus
763 1582 922 1643 pedem
954 1582 1114 1640 retuli,
1140 1592 1184 1627 et
1216 1583 1271 1628 de
1293 1583 1514 1643 superiore
1545 1583 1644 1630 loco

251 1655 397 1700 nescio
420 1655 529 1716 quid
545 1653 762 1715 jaculatus
785 1669 902 1710 sum,
929 1652 1051 1715 quod
1071 1663 1222 1698 utrum
1241 1653 1297 1698 ad
1314 1662 1357 1698 te
1377 1655 1640 1714 pervenerit,

249 1725 321 1771 vel
334 1724 445 1787 quid
465 1725 622 1783 egerit,
646 1724 836 1770 viderint
849 1725 929 1769 sub
945 1739 1134 1785 quorum
1155 1724 1351 1768 examine
1367 1723 1639 1772 dimicamus.

238 1796 340 1843 *Sed
360 1796 470 1859 quid
496 1805 646 1840 metuo
678 1795 883 1856 ineptus?
907 1796 951 1840 Si
988 1795 1102 1839 bene
1128 1794 1329 1851 memini,
1352 1805 1551 1842 mortuus
1573 1813 1640 1854 es,

244 1869 336 1931 jam
375 1884 456 1928 pro
493 1866 693 1927 sepulcro
725 1875 802 1911 tuo
829 1867 929 1926 jure
960 1874 1130 1926 pugnat
1164 1863 1370 1925 AlypiUS,
1410 1864 1540 1912 facile
1571 1883 1642 1913 me

251 1948 402 1985 contra
424 1937 627 1982 umbram
647 1945 770 1981 tuam
788 1939 902 1981 Deus
924 1935 1163 1997 adjuvabit.

310 2012 481 2056 XXIII.
512 2009 629 2054 Nihil
663 2007 723 2053 ais
770 2008 818 2052 111
845 2007 1119 2069 philosophia
1143 2023 1270 2068 posse
1291 2008 1472 2070 percipi.
1503 2011 1562 2054 Et
1589 2018 1641 2055 ut

253 2082 495 2128 orationem
508 2091 629 2126 tuam
649 2080 766 2139 large
782 2079 958 2141 lateque
971 2078 1195 2126 diffundas
1206 2117 1217 2137 ,
1235 2081 1385 2141 arripis
1401 2081 1532 2137 rixas,
1553 2080 1644 2126 dis-

254 2154 560 2215 sentionesque
577 2152 961 2214 philosophorum,
987 2161 1031 2196 et
1051 2167 1121 2197 eas
1143 2152 1224 2197 tibi
1241 2161 1392 2197 contra
1409 2150 1506 2196 illos
1522 2168 1642 2198 arma

252 2224 496 2269 ministrare
524 2224 759 2268 arbitraris.
792 2221 1025 2277 Quomodo
1059 2224 1176 2267 enim
1207 2223 1320 2268 inter
1346 2223 1642 2268 Democritum

253 2305 296 2340 et
312 2296 453 2355 superi
460 2311 553 2340 ores
569 2295 771 2356 physicos
793 2294 848 2338 de
865 2310 954 2339 uno
972 2294 1139 2339 mundo
1151 2330 1162 2350 ,
1187 2303 1230 2339 et
1246 2294 1641 2340 innumerabilibus

252 2367 375 2412 litcrn
397 2367 752 2427 dijudicabimus,
785 2382 886 2411 cum
915 2367 1028 2411 inter
1048 2367 1190 2427 ipsum
1206 2365 1513 2427 haeredemque
1548 2367 1639 2428 ejus

253 2439 491 2498 Epicurum
516 2438 747 2483 concordia
774 2453 949 2482 manere
984 2437 1257 2498 nequiverit?
1278 2440 1389 2482 Nam
1412 2438 1489 2482 iste
1510 2436 1640 2482 luxu-

254 2509 392 2555 riosus
415 2525 516 2554 cum
538 2519 704 2554 atomos
725 2509 847 2570 quasi
876 2507 1100 2554 ancillulas
1132 2524 1228 2553 suas
1246 2544 1256 2564 ,
1283 2507 1328 2552 id
1350 2517 1435 2564 est,
1460 2523 1640 2568 corpus-

255 2580 352 2625 cula
371 2597 470 2641 quse
494 2581 536 2625 in
565 2581 750 2625 tenebris
773 2580 898 2625 laetus
921 2578 1220 2640 amplectitur,
1246 2595 1331 2625 non
1357 2589 1503 2625 tenere
1525 2580 1636 2625 viam
