1888 3168
675 200 796 227 Lusi-21³.
832 201 883 226 ni:
916 198 1145 226 aiacis'rao.
1521 185 1598 223 561

215 264 469 319 cecinerint,
485 279 595 325 quos
618 266 803 309 honores
817 264 872 308 ab
891 265 984 323 ipso
1005 264 1136 308 etiam
1156 262 1332 307 inimico
1347 261 1600 315 meruerint,

215 351 323 379 num
347 334 470 380 aliter
491 335 572 380 nisi
594 350 672 395 per
693 336 827 380 verba
847 333 1105 379 didicimus?
1124 333 1396 393 respondebo
1419 342 1576 377 cuncta
1590 367 1601 387 ,

214 421 314 465 quae
327 404 413 450 illis
425 405 568 450 verbis
580 405 817 464 significata
830 414 948 460 sunt,
959 404 1005 449 in
1019 413 1165 448 nostra
1180 403 1334 448 notitia
1347 405 1438 463 jam
1457 401 1602 447 fuisse.

213 477 323 520 Nam
341 476 449 537 quid
470 476 557 520 sint
578 485 664 521 tres
686 477 837 536 pueri,
869 474 978 536 quid
999 473 1176 529 fornax,
1203 472 1313 534 quid
1340 473 1472 532 ignis,
1499 471 1607 532 quid

214 560 289 590 rex
300 580 311 601 ‚
337 546 446 606 quid
462 545 653 607 denique
672 546 793 591 illaesi
811 546 866 590 ab
883 546 999 604 igne,
1021 553 1265 604 caeteraque
1280 543 1424 588 omnia
1434 543 1525 603 jam
1540 552 1605 586 te-

213 617 373 662 nebam
387 633 486 678 quae
504 618 636 663 verba
658 617 732 663 illa
750 618 1011 677 significant.
1030 615 1219 662 Ananias
1231 630 1350 670 vero,
1367 624 1412 660 et
1433 614 1606 660 Azarias

213 697 257 733 et
271 688 423 734 Misae'l
437 698 527 734 tam
540 688 649 733 mihi
666 689 806 748 ignoti
821 698 922 734 sunt
939 703 1073 749 (piam
1088 686 1173 732 illae
1187 686 1412 732 saraballae
1426 708 1437 745 3
1457 702 1537 731 nec
1552 684 1608 730 ad

211 775 284 806 eos
305 761 631 820 cognoscendos
648 761 743 806 haec
770 777 841 806 me
862 761 1041 806 nomina
1060 759 1303 821 quidquam
1326 757 1604 819 adjuverunt,

211 839 288 875 aut
298 831 505 892 adjuvare
515 832 607 892 jam
620 841 876 892 potuerunt.
889 834 993 877 Haec
1010 839 1156 876 autem
1174 830 1337 885 omnia,
1354 845 1454 891 quae
1472 830 1517 874 in
1535 829 1609 875 illa

210 899 420 960 leguntur
455 901 656 958 historia,
681 903 741 947 ita
771 901 848 947 illo
871 911 1066 963 tempore
1097 901 1211 946 facta
1233 916 1344 956 esse,
1375 909 1426 945 ut
1449 900 1608 960 scripta

210 983 338 1029 sunt,
378 972 555 1019 credere
576 989 646 1019 me
667 975 813 1035 potius
830 990 962 1036 quam
985 975 1092 1020 scire
1124 972 1284 1019 fateor:
1306 988 1450 1034 neque
1482 973 1611 1018 istam

211 1044 508 1091 differentiam
529 1045 661 1091 iidem
696 1047 778 1107 ipsi
815 1047 978 1108 quibus
1000 1046 1216 1092 credimus
1245 1045 1510 1090 nescierunt.
1537 1045 1612 1092 Ait

212 1115 330 1160 enim
362 1116 606 1176 Propheta,
641 1116 761 1163 ,Nisi
785 1116 1109 1174 credideritis,
1139 1132 1236 1161 non
1266 1114 1568 1179 z'ntellzgetis1
1595 1133 1606 1160 :

211 1185 333 1247 quod
344 1201 435 1232 non
453 1186 627 1232 dixisset
638 1186 853 1248 profecto,
865 1189 898 1233 si
912 1187 1023 1233 nihil
1041 1188 1200 1233 distare
1207 1188 1223 1248 j
1231 1186 1460 1232 udicasset.
1478 1185 1610 1241 Quod

211 1272 315 1318 ergo
338 1257 557 1317 intelligo,
583 1259 630 1304 id
647 1260 778 1305 etiam
800 1261 953 1306 credo:
980 1269 1024 1305 at
1046 1276 1138 1306 non
1159 1275 1289 1305 omne
1302 1259 1425 1321 quod
1446 1260 1577 1305 credo
1597 1295 1608 1317 ,

211 1329 344 1375 etiam
363 1329 576 1390 intelligo.
592 1331 734 1375 Omne
747 1340 895 1376 autem
908 1330 1030 1392 quod
1041 1330 1239 1391 intelligo
1253 1331 1362 1377 scio:
1379 1347 1470 1376 non
1481 1348 1612 1377 omne

210 1399 333 1462 quod
355 1400 509 1457 credo,
535 1401 638 1446 scio.
664 1403 753 1447 Nec
776 1401 876 1448 ideo
904 1403 1052 1447 nescio
1071 1418 1207 1463 quam
1238 1403 1293 1447 sit
1309 1403 1417 1447 utile
1433 1402 1612 1459 eredere

211 1473 343 1519 etiam
357 1472 497 1517 multa
519 1488 618 1533 quae
635 1472 802 1517 nescio:
816 1473 887 1517 cui
904 1472 1086 1518 utilitati
1102 1474 1218 1518 hanc
1229 1489 1408 1534 quoque
1418 1474 1610 1533 adjungo

211 1545 267 1590 de
281 1544 421 1590 tribus
433 1543 579 1603 pueris
594 1544 834 1589 historiam.
848 1546 992 1597 Quare
1005 1543 1214 1604 pleraque
1227 1560 1373 1588 rerum
1388 1560 1488 1589 cum
1503 1546 1612 1590 scire

211 1631 304 1661 non
329 1615 491 1676 possim
506 1650 516 1670 ,
537 1623 701 1675 quanta
723 1622 872 1658 tamen
892 1613 1080 1658 utilitate
1102 1614 1359 1669 credantur,
1385 1615 1489 1660 scio.

267 1688 522 1732 XXXVIII.
559 1689 621 1730 De
639 1684 851 1730 universis
875 1694 1021 1730 autem
1040 1721 1051 1742 ,
1073 1701 1173 1746 quae
1190 1685 1497 1744 intelligimus,
1518 1704 1610 1735 non

210 1759 468 1821 loquentem
489 1758 567 1819 qui
588 1766 793 1818 personat
814 1755 939 1813 foris,
966 1756 1043 1802 sed
1064 1758 1180 1802 intus
1206 1757 1286 1818 ipsi
1304 1758 1440 1803 menti
1462 1762 1611 1820 praesi-

211 1831 391 1876 dentem
408 1828 677 1874 consulimus
693 1828 923 1874 veritatem
941 1863 951 1884 ,
971 1828 1114 1873 verbis
1135 1826 1315 1874 fortasse
1337 1839 1387 1874 ut
1409 1831 1612 1877 consula-

212 1917 310 1947 mus
337 1900 568 1946 admoniti,
590 1899 670 1944 Ille
706 1908 852 1944 autem
875 1900 953 1960 qui
982 1898 1248 1955 consulitur,
1275 1900 1430 1956 docet,
1451 1903 1527 1962 qui
1565 1904 1610 1949 in

212 1972 417 2017 interiore
439 1970 618 2016 homine
639 1969 838 2015 habitare
861 1970 1004 2015 dictus
1027 1979 1090 2015 est
1111 1970 1331 2027 Christus,
1357 1970 1404 2016 id
1425 1981 1510 2028 est,
1537 1974 1613 2018 in-

211 2041 533 2090 commutabilis
546 2041 624 2086 Dei
638 2042 786 2097 Virtus
801 2051 933 2103 atque
950 2043 1212 2103 sempiterna
1223 2043 1441 2104 Sapientia
1455 2062 1611 2106 :quam

213 2114 393 2177 quidem
415 2114 556 2159 omnis
574 2112 795 2158 rationalis
815 2113 959 2158 anima
981 2113 1193 2170 consulit,
1219 2115 1295 2159 sed
1320 2123 1489 2160 tantum
1513 2118 1613 2162 cui-

213 2202 300 2247 que
335 2184 567 2246 panditur,
592 2194 808 2245 quantum
845 2200 999 2245 capere
1036 2194 1215 2246 propter
1254 2187 1475 2246 propriam
1488 2224 1498 2244 ,
1523 2189 1613 2236 sive

214 2256 375 2304 malam
397 2256 484 2301 sive
506 2255 669 2301 bonam
691 2254 964 2301 voluntatem
985 2266 1144 2317 potest.
1165 2260 1222 2302 Et
1244 2257 1276 2302 si
1299 2259 1477 2319 quando
1500 2260 1614 2306 falli-

214 2338 309 2383 tur,
336 2343 427 2372 non
450 2328 501 2371 fit
516 2326 621 2372 vitio
644 2326 855 2372 consultae
877 2327 1087 2373 veritatis:
1105 2338 1155 2373 ut
1178 2345 1321 2390 neque
1338 2331 1489 2391 hujus,
1511 2350 1614 2393 quse

215 2400 320 2447 loris
345 2409 430 2457 cst,
455 2400 565 2445 lucis
597 2400 753 2445 vitium
775 2400 1006 2461 est,·quod
1035 2401 1232 2462 corporei
1255 2402 1371 2449 oculi
1389 2419 1502 2465 saepe
1525 2404 1610 2451 sal-

265 2517 273 2533 ¹
296 2511 367 2544 Isa'i.
388 2520 430 2543 vn
447 2535 453 2548 ,
473 2523 513 2553 9,
533 2509 626 2551 juxta
644 2521 717 2543 Lxx.

438 2598 559 2628 cvm.
1374 2595 1424 2632 35
