1852 3163
677 163 730 188 DE
763 164 926 189 011111Νο
959 164 1041 190 1111.
1080 165 1127 189 11.
1527 158 1606 193 211

211 224 291 268 rim
314 244 322 268 :
359 241 468 286 quas
508 226 541 270 si
579 226 755 286 penitus
792 226 973 271 sortasse
1017 228 1260 273 contemnis
1274 264 1284 284 ,
1315 230 1533 276 admoneo
1574 241 1614 276 10

209 305 427 356 quantum
457 297 572 342 filius
606 296 774 354 audeo,
799 306 1107 359 quantumque
1135 299 1372 358 permittis,
1397 311 1448 346 ut
1479 301 1613 348 fidem

208 367 336 412 istam
368 377 488 413 tuam
504 404 514 424 ,
536 385 669 430 quam
688 369 948 414 venerandis
969 370 1185 428 mysteriis
1209 372 1462 431 percepisti,
1489 375 1614 419 firme

209 449 425 502 cauteque
453 440 695 498 custodias,
720 441 881 486 deinde
907 451 957 486 ut
986 442 1031 486 in
1055 442 1137 486 1130
1154 442 1243 486 vita
1265 451 1398 504 atque
1420 446 1614 492 moribus

208 521 459 556 constanter
478 512 803 574 vigilanterque
820 528 1092 573 permaneas.
1109 515 1172 557 De
1190 514 1321 559 rebus
1344 524 1491 560 autem
1509 518 1614 562 obs-

209 583 466 639 curissimis,
489 593 532 628 et
554 593 703 629 tamen
721 583 880 629 divinis
894 620 906 641 ,
930 583 1157 646 quomodo
1181 589 1295 632 Deus
1319 597 1363 633 et
1384 588 1495 633 nihil
1511 589 1615 634 mali

205 653 353 711 faciat,
373 664 416 699 et
433 655 488 700 sit
506 656 810 716 omnipotens3
834 665 877 700 et
898 664 1019 700 tanta
1036 655 1150 701 mala
1170 657 1306 717 fiant,
1332 669 1376 704 et
1399 660 1471 705 cui
1493 661 1613 706 bono

206 727 426 772 mundum
446 727 620 784 fecerit,
641 728 716 789 qui
744 744 834 773 non
857 737 949 774 erat
981 727 1179 788 indigus,
1200 740 1243 775 et
1265 740 1416 776 utrum
1440 748 1612 794 semper

205 797 338 847 fuerit
367 798 560 856 malum,
586 815 643 843 311
670 813 865 860 tempore
900 799 1112 861 coeperit,
1145 811 1188 846 et
1225 803 1259 846 si
1294 819 1465 864 semper
1502 803 1608 859 suit,

205 878 356 914 utrum
378 871 461 916 sub
479 869 732 916 conditione
763 871 842 916 Dei
864 870 998 916 suerit
1016 891 1024 917 :
1051 881 1094 916 ct
1116 873 1149 916 si
1168 872 1274 931 fuit,
1295 885 1448 920 utrum
1478 875 1611 920 etiam

204 941 283 986 iste
303 941 496 988 mundus
528 957 700 1004 semper
719 942 852 988 fucrit
869 979 880 1001 ‚
906 944 952 988 in
974 944 1096 1007 quod
1125 944 1236 990 illud
1265 946 1432 992 malum
1457 947 1609 993 divino

204 1014 357 1059 ordine
374 1014 665 1060 domitaretur
686 1037 696 1075 3
717 1015 751 1060 si
770 1024 919 1060 autem
942 1016 1014 1062 hic
1037 1017 1230 1064 mundus
1253 1018 1493 1082 aliquando
1516 1036 1608 1066 esse

200 1085 337 1146 coepit
356 1121 367 1143 ,
393 1085 619 1148 quomodo
658 1097 897 1150 antequam
926 1098 1060 1146 esset,
1093 1099 1308 1150 potestate
1332 1092 1411 1136 Dei
1440 1090 1608 1138 malum

201 1158 435 1204 tenebatur
455 1178 464 1205 :
491 1168 534 1203 et
551 1158 661 1221 quid
684 1175 794 1221 opus
807 1169 899 1205 erat
915 1161 1136 1207 mundum
1155 1162 1383 1221 fabricari,
1402 1181 1492 1226 quo
1509 1181 1606 1211 1113-
1625 1195 1629 1203 =

199 1229 295 1276 lum
317 1231 440 1293 quod
452 1233 545 1292 jam
568 1232 645 1277 Dei
663 1241 851 1293 potestas
870 1232 1095 1291 frenabat,
1118 1234 1172 1280 ad
1189 1251 1343 1296 poenas
1360 1237 1606 1284 animarum

199 1302 523 1350 includeretur:
543 1304 578 1348 si
601 1313 751 1349 autem
772 1303 858 1349 fuit
880 1313 1054 1365 tempus
1069 1341 1080 1361 ,
1105 1323 1196 1367 quo
1214 1308 1296 1352 sub
1308 1307 1386 1353 Dei
1409 1307 1606 1356 dominio

198 1375 367 1422 malum
388 1392 479 1421 non
501 1385 619 1432 erat,
646 1375 755 1438 quid
776 1377 923 1422 subito
945 1377 1131 1436 accidit,
1167 1379 1290 1441 quod
1323 1397 1402 1442 per
1442 1391 1606 1429 aeterna

199 1458 316 1494 retro
334 1458 533 1510 tempora
549 1464 641 1494 non
659 1447 892 1494 acciderat.
915 1452 968 1494 In
982 1454 1074 1496 Deo
1088 1452 1205 1496 enim
1220 1469 1387 1498 novum
1417 1456 1606 1502 extitisse

198 1519 528 1577 consilium,ne
557 1521 700 1570 dicam
738 1521 950 1582 impium,
984 1522 1303 1583 ineptissimum
1336 1534 1400 1571 est
1441 1527 1603 1575 dicere.

201 1594 245 1639 Si
273 1603 421 1639 autem
450 1594 755 1653 importunum
779 1592 933 1650 fuisse,
955 1604 999 1639 et
1015 1596 1141 1657 quasi
1164 1597 1417 1658 improbum
1437 1600 1606 1647 malum

199 1668 290 1711 Deo
310 1664 520 1720 dicimus,
546 1665 668 1726 quod
682 1665 887 1710 nonnulli
902 1667 1176 1724 existimant,
1196 1670 1287 1729 jam
1302 1686 1432 1716 nemo
1449 1671 1606 1721 doctus

199 1737 333 1782 risum
356 1736 547 1791 tenebit,
564 1753 694 1783 nemo
712 1752 803 1782 non
823 1738 1096 1783 succensebit
1113 1738 1333 1786 indoctus.
1349 1742 1468 1797 Quid
1486 1745 1603 1791 enim

197 1808 344 1868 potuit
362 1811 453 1853 Deo
470 1823 628 1853 nocere
651 1808 755 1853 mali
773 1809 919 1854 nescio
937 1825 1024 1870 qua
1046 1808 1121 1854 illa
1138 1815 1321 1858 natura?
1340 1814 1383 1859 Si
1405 1815 1523 1859 enim
1539 1817 1605 1861 di-

198 1891 307 1926 cunt
339 1896 431 1926 non
468 1881 660 1941 potuisse
676 1916 687 1937 ,
712 1880 959 1926 fabricandi
982 1882 1139 1927 mundi
1164 1900 1291 1930 031153
1318 1902 1408 1931 11011
1433 1889 1541 1935 01·11;
1567 1892 1602 1936 51

196 1953 392 2014 potuisse
421 1951 599 2009 dicunt,
636 1952 901 2014 inexpiabile
922 1952 1044 1999 nefas
1079 1964 1144 2000 est
1170 1959 1312 2002 Deum
1347 1958 1600 2007 violabilem

196 2023 375 2069 credere
393 2043 402 2069 :
434 2040 516 2069 nec
538 2024 598 2068 ita
621 2022 775 2069 saltem
794 2033 844 2069 ut
864 2024 936 2071 vel
952 2026 1115 2071 virtute
1136 2027 1400 2087 providerit,
1437 2047 1493 2076 ne
1523 2049 1601 2079 sua

196 2096 440 2141 substantia
456 2095 709 2141 violaretur.
725 2099 925 2158 Namque
939 2098 1129 2142 animam
1146 2115 1301 2160 poenas
1319 2102 1389 2147 hic
1408 2103 1601 2163 pendere

196 2168 416 2223 fatentur,
442 2183 544 2212 cum
575 2168 689 2213 inter
719 2169 809 2229 ejus
832 2178 882 2232 *et
909 2170 987 2214 Dei
1010 2169 1301 2217 substantiam
1327 2174 1437 2220 nihil
1465 2177 1603 2225 velint

198 2240 378 2285 omnino
401 2239 577 2285 distare.
607 2240 650 2286 Si
673 2250 820 2285 autem
847 2241 979 2286 istum
994 2242 1212 2289 mundum
1231 2261 1322 2291 non
1344 2245 1512 2294 sactum
1529 2250 1599 2296 di·-

197 2328 347 2358 camus
359 2348 375 2370 ,
398 2313 582 2373 impium
601 2323 665 2358 est
688 2323 820 2375 atque
842 2314 1064 2375 ingratum
1086 2315 1293 2378 credere,
1320 2335 1375 2364 ne
1392 2320 1509 2368 illud
1531 2340 1600 2370 se—

197 2393 362 2447 quatur
376 2419 387 2441 ,
403 2385 525 2446 quod
546 2388 663 2431 Deus
686 2401 788 2431 eum
810 2402 901 2431 non
922 2385 1162 2433 fabricarit.
1179 2391 1295 2449 Ergo
1315 2389 1369 2435 de
1383 2392 1448 2438 his
1466 2404 1599 2458 atque

196 2455 457 2518 hujusmodi
479 2456 635 2513 rebus,
661 2467 739 2503 aut
764 2456 918 2503 ordine
949 2457 1026 2504 illo
1059 2460 1316 2507 eruditionis
1333 2498 1344 2519 ,
1371 2474 1448 2510 aut
1474 2467 1598 2514 nullo

194 2528 332 2576 modo
350 2528 598 2591 quidquam
622 2530 936 2593 requirendum
959 2541 1036 2577 cst.

1314 2608 1378 2650 11.
