1888 3168
660 242 714 269 DE
748 240 901 268 MUSICA
936 242 1019 268 Lm.
1056 242 1104 268 11.
1495 228 1579 266 373

245 318 289 353 et
322 309 442 354 brevi
471 316 516 352 et
543 306 673 366 longa
706 316 749 352 et
778 306 923 361 brevi,
954 314 1005 350 ut
1030 304 1300 362 cantilena,
1332 314 1583 366 temporum

243 396 331 425 sex.

186 449 636 511 vigesimus-tertius,
656 450 949 511 Antispastus,
971 463 1025 493 ex
1043 449 1169 493 brevi
1185 457 1230 492 et
1248 447 1421 493 duabus
1443 449 1584 508 longis

245 532 288 567 et
310 522 449 576 brevi,
475 530 526 565 ut
542 519 824 577 Saloninus,
853 531 1104 581 temporum
1127 535 1213 564 sex.

186 593 656 653 Vigesimus-quartus,
678 593 893 653 Epitritus
913 591 1098 653 primus,
1125 606 1177 635 ex
1211 591 1351 651 prima
1386 591 1510 636 brevi
1543 600 1588 636 et

244 663 384 708 tribus
406 662 565 723 longis,
591 672 643 707 ut
657 662 951 719 sacerdotes,
977 672 1228 723 temporum
1249 671 1432 722 septem.

184 735 655 796 vigesimus-quintus,
682 734 896 796 Epitritus
920 733 1156 790 secundus,
1182 749 1234 778 ex
1254 733 1447 779 secunda
1464 733 1588 779 brevi

243 816 288 851 et
309 807 449 851 tribus
469 806 628 867 longis,
654 816 705 851 ut
726 805 1022 863 conditores,
1048 816 1300 866 temporum
1320 815 1504 866 septem.

184 880 616 940 vigesimus-sextus,
643 880 857 941 Epitritus
880 879 1034 924 tertius
1048 915 1058 935 ,
1077 894 1128 923 ex
1146 879 1273 923 tertia
1302 878 1424 923 brevi
1448 886 1491 922 et
1508 877 1589 922 tri-

243 952 324 997 bus
341 952 505 1012 longis,
526 962 576 997 ut
594 950 973 1008 Demosthenes,
1000 961 1257 1012 temporum
1280 960 1464 1010 septem.

185 1024 690 1085 vigesimus-septimus,
714 1025 929 1085 Epitritus
956 1033 1163 1086 quartus,
1190 1039 1241 1067 ex
1276 1031 1432 1083 quarta
1466 1021 1589 1067 brevi

243 1105 287 1140 et
314 1096 454 1140 tribus
486 1096 644 1156 longis,
670 1105 722 1141 ut
744 1096 797 1141 F
795 1091 1105 1151 eSCenm'mcs,
1132 1104 1382 1155 temporum
1405 1103 1587 1153 septem.

184 1167 656 1226 vigesimus-octavus,
697 1167 990 1228 Dispondeus,
1027 1182 1079 1211 ex
1117 1175 1308 1227 quatuor
1341 1164 1504 1223 longis,
1545 1173 1591 1208 ut

244 1249 486 1296 oratores,
512 1249 765 1301 temporum
791 1248 906 1285 octo.

182 1395 1228 1417 MSMNWQVWUOEWUMWWWUWQVWQWQAEUNWWWWth
1233 1394 1591 1412 mavumtwwwkutvv

706 1530 926 1581 CAPUT
976 1533 1067 1582 IX.

586 1679 664 1726 De
685 1678 865 1742 pedum
893 1690 1152 1726 structura.

242 1821 363 1863 XVI.
389 1821 441 1864 D.
458 1821 608 1864 HABEO
632 1820 727 1863 ista.
754 1822 883 1865 Nunc
907 1818 1069 1864 dissere
1089 1820 1166 1881 qui
1188 1820 1271 1864 sibi
1292 1821 1426 1881 pedes
1452 1837 1592 1882 copu-

182 1891 344 1935 lentur.
369 1893 431 1935 M.
459 1889 684 1934 Judicabis
707 1891 791 1935 hoc
815 1890 965 1945 facile,
992 1891 1027 1936 si
1051 1891 1348 1952 {equalitatem
1374 1908 1422 1937 ac
1440 1893 1592 1937 simili-

184 1961 383 2007 tudinem
401 1961 689 2022 inaequalitati
705 1978 754 2006 ac
774 1962 1119 2006 dissimilitudini
1138 1964 1487 2022 praestantiorem
1504 1981 1594 2009 esse

177 2033 363 2094 judicas.
400 2036 452 2076 D.
487 2033 717 2077 Neminem
748 2048 839 2077 esse
864 2034 1077 2089 arbitror,
1102 2035 1179 2095 qui
1203 2051 1293 2080 non
1326 2037 1385 2080 ita
1403 2036 1588 2097 judicet.

184 2107 244 2149 M.
272 2106 396 2148 Hanc
419 2118 524 2162 ergo
541 2102 663 2162 prius
680 2104 866 2147 maxime
886 2105 932 2147 in
956 2105 1240 2151 contexendis
1263 2106 1451 2167 pedibus
1469 2109 1593 2169 sequi

186 2184 382 2236 oportet,
410 2190 490 2219 nec
514 2175 570 2218 ab
594 2190 643 2218 ea
674 2175 855 2219 omnino
889 2174 1181 2233 deviandum,
1207 2179 1288 2221 nisi
1318 2194 1419 2223 cum
1448 2179 1594 2241 aliqua

187 2263 315 2292 causa
351 2246 591 2306 justissima
632 2256 710 2290 est.
739 2250 790 2290 D.
815 2247 1055 2292 Assentior.
1082 2252 1143 2293 M.
1169 2252 1267 2295 Non
1294 2250 1429 2309 igitur
1460 2251 1594 2296 (lubi-

188 2320 300 2364 tabis
318 2318 598 2378 pyrrhichios
622 2318 798 2363 sibimet
811 2319 944 2378 pedes
957 2329 1206 2377 contexere,
1219 2337 1299 2366 nec
1317 2322 1501 2379 iambos,
1514 2340 1596 2369 nec

189 2391 404 2435 trochaeos
434 2390 511 2450 qui
533 2391 663 2434 etiam
686 2389 823 2434 chorii
847 2391 1157 2447 nominantur,
1183 2408 1265 2437 nec
1288 2394 1508 2453 spondeos
1527 2405 1596 2439 at-

189 2478 277 2523 que
302 2463 362 2506 ita
386 2472 567 2506 caeteros
590 2462 656 2506 sui
680 2462 848 2520 generis
870 2462 1068 2522 profecto
1092 2464 1269 2509 sibimet
1291 2466 1382 2509 sine
1405 2465 1496 2511 ulla
1513 2466 1597 2511 du-

190 2534 406 2579 bitatione
449 2533 702 2594 copulabis:
738 2542 803 2578 est
842 2534 958 2578 enim
1001 2551 1172 2580 summa
1207 2536 1455 2598 aequalitas,
1492 2554 1593 2583 cum

191 2605 390 2667 ejusdem
413 2606 580 2664 generis
607 2615 650 2650 et
672 2606 861 2651 nominis
883 2606 1016 2667 pedes
1043 2623 1134 2653 sese
1151 2619 1508 2670 consequuntur:
1538 2627 1592 2655 an
