1883 3194
190 279 201 308 l
218 280 243 309 2
673 273 710 306 S·
750 273 1073 313 AUGUSTINUS,

180 362 347 410 tavei-it
362 370 408 407 et
429 362 727 426 susceperit,
750 362 816 410 ita
839 370 1002 410 narrat
1020 361 1153 408 testis
1172 361 1274 424 ipse
1292 360 1542 409 Possidius
1561 378 1571 407 ε

187 463 207 482 «
233 441 450 486 Jusserat
472 439 693 486 Psalmos
720 439 1012 495 Davidicos'4
1044 439 1129 501 qui
1152 446 1268 485 sunt
1297 436 1576 502 paucissimi

188 535 208 554 ‚›
239 518 297 563 de
312 515 601 563 Poenitentia
619 515 1036 579 scribi,⁴ipsosque
1048 515 1400 577 quaterniones
1408 515 1576 577 jacens

185 613 206 633 »
234 594 284 640 in
309 594 436 640 lecto
458 602 629 641 contra
653 594 890 656 parietem
912 592 1097 656 positos
1120 592 1293 639 diebus
1317 609 1414 640 suae
1436 591 1578 638 infir-

192 688 213 710 »
243 671 421 718 mitatis
439 670 724 718 intuebatur
744 679 790 717 et
809 671 1014 735 legebat,
1037 678 1083 716 et
1093 670 1274 734 jugiter
1293 687 1346 718 ac
1361 669 1577 716 ubertim

187 767 208 786 »
237 749 382 794 flebat
405 767 414 794 :
433 756 478 794 et
499 764 558 793 ne
576 747 783 795 intentio
804 749 910 810 ejus
927 764 1217 810 aquoquam
1232 747 1575 811 impediretur,

187 843 208 864 >³
238 834 348 872 ante
383 826 484 871 dies
508 825 663 871 ferme
692 826 865 872 decem
890 841 1038 886 quam
1072 824 1223 872 exiret
1248 825 1306 871 de
1340 838 1575 887 corpore,

186 921 207 942 ν
239 920 264 949 a
292 902 436 949 nobis
463 902 724 964 postulavit
751 902 1101 966 praesentibu8‚
1129 918 1193 949 ne
1224 902 1332 965 quis
1357 900 1576 965 ingrede-

184 998 209 1021 >›
238 988 400 1035 retur,
428 979 520 1025 nisi
560 979 617 1026 iis
658 988 851 1027 tantum
875 980 1040 1037 horiS‚
1089 981 1270 1044 quibus
1314 977 1496 1025 medici
1522 976 1583 1023 ad

188 1074 209 1095 »
239 1057 606 1120 inspiciendum
638 1058 903 1114 intrarent,
940 1058 1016 1104 vel
1052 1075 1166 1106 cum
1203 1057 1247 1103 ei
1270 1055 1470 1105 refectio
1505 1054 1584 1100 in—

188 1152 210 1173 »
239 1136 467 1181 ferretur.
508 1135 570 1181 Et
589 1135 654 1181 ita
689 1136 1005 1182 observatum
1056 1152 1110 1182 ac
1153 1135 1334 1181 sactum
1387 1139 1487 1188 est,
1538 1138 1585 1177 et

188 1230 208 1250 »
240 1211 379 1258 omni
402 1211 485 1258 illo
508 1220 729 1274 tempore
755 1213 967 1259 orationi
981 1212 1192 1259 vacabat.
1220 1210 1447 1257 Verbum
1469 1208 1583 1263 Dei,

187 1307 209 1328 >³
238 1305 389 1350 usque
431 1289 492 1335 ad
534 1289 693 1352 ipsam
726 1305 866 1336 suam
907 1297 1178 1334 extremam
1219 1285 1584 1350 aegritudinem,

188 1384 208 1404 »
237 1366 648 1428 imprcetermisse3
676 1366 922 1421 alacriter,
960 1372 1006 1410 et
1026 1364 1241 1418 fortiter,
1264 1378 1379 1408 sana
1399 1369 1584 1416 mente,

189 1461 209 1480 »
240 1459 458 1503 sanoque
498 1442 702 1490 consilio
737 1441 1030 1505 praedicavit.
1066 1439 1312 1486 Membris
1355 1437 1588 1484 omnihus

189 1537 211 1558 ν
247 1520 320 1566 sui
363 1520 583 1582 corporis
634 1520 914 1575 incolumis,
962 1519 1154 1582 integro
1199 1523 1397 1579 aspectu
1444 1523 1587 1576 atque

190 1615 212 1636 »
243 1598 437 1654 auditu,
489 1605 564 1653 et,
610 1605 664 1644 ut
690 1598 927 1660 scriptum
975 1606 1071 1653 est,
1130 1594 1274 1641 nobis
1321 1593 1589 1640 astantibus

189 1692 212 1712 ‘³
250 1683 296 1722 et
318 1674 615 1730 videntibu5‚
663 1682 710 1721 et
734 1691 846 1721 cum
892 1691 949 1721 eo
975 1673 1156 1737 pariter
1190 1670 1468 1726 orantibus,
1509 1670 1593 1716 ob-

189 1769 211 1791 »
243 1751 474 1799 dormivit
516 1767 630 1799 cum
675 1750 893 1814 patribus
919 1750 1018 1798 suis
1058 1750 1112 1796 in
1154 1749 1287 1795 bona
1310 1754 1589 1795 senectute:

190 1848 211 1867 ν
243 1837 289 1875 et
308 1829 452 1875 nobis
475 1843 643 1875 coram
663 1844 755 1890 pro
792 1828 896 1889 ejus
936 1825 1331 1875 commendanda
1372 1824 1592 1886 corporis

192 1924 213 1944 »
256 1905 562 1969 depositione
589 1902 874 1951 sacrificium
892 1904 1002 1950 Deo
1025 1902 1243 1949 oblatum
1257 1907 1346 1957 est,
1363 1908 1409 1947 et
1427 1900 1591 1963 sepul-

194 2002 214 2021 >³
246 1993 320 2030 tus
348 1992 431 2030 est.
459 2000 479 2021 »
509 1981 656 2045 (cap.
685 1982 791 2038 31.)

255 2072 373 2135 Ejus
416 2071 643 2135 sepulcro
670 2069 873 2117 inscribi
896 2069 1133 2132 potuisset
1173 2067 1294 2114 illud
1325 2066 1460 2113 Baxii
1487 2066 1593 2128 epi-

190 2149 414 2212 taphium
442 2166 451 2195 :

327 2296 343 2314 «
369 2281 548 2317 Haeretici
567 2291 626 2317 me
647 2280 786 2317 fulmen
803 2278 964 2319 habent,
983 2275 1149 2314 Ecclesia
1165 2275 1329 2317 flumem

372 2353 391 2375 α
416 2338 497 2376 llos
514 2344 601 2386 peto
620 2349 694 2385 quo
710 2344 867 2385 pereant
883 2364 892 2379 ‚
910 2336 1006 2374 hane
1025 2335 1104 2382 rigo
1130 2345 1176 2372 ne
1192 2341 1335 2382 pereat.
1353 2346 1374 2369 n

249 2456 387 2493 Omnia
406 2455 444 2492 S.
465 2455 672 2502 Augustini
698 2464 816 2501 opera
829 2453 876 2490 ad
899 2455 1048 2500 septem
1067 2454 1194 2499 partes
1211 2451 1385 2490 revocari
1404 2452 1585 2498 possunt.

200 2519 391 2563 istumque
400 2516 575 2552 ordinem
589 2515 833 2552 studentibus
847 2514 988 2551 melius
997 2512 1339 2555 accommodatum,
1349 2511 1483 2548 relicta
1491 2510 1597 2548 Mau-

200 2576 371 2613 rinorum
397 2576 602 2618 divisione,
623 2585 701 2611 non
720 2574 926 2617 immerito,
940 2573 1159 2616 utvidetur,
1179 2571 1362 2619 praeferre
1377 2570 1593 2607 statuimus.

194 2636 313 2679 Magis
327 2636 432 2671 enim
447 2635 592 2672 arridet
605 2635 739 2672 eadem
757 2635 980 2681 argumenta
992 2632 1031 2670 in
1044 2632 1184 2670 eodem
1200 2631 1286 2668 loco
1303 2630 1464 2669 collecta
1480 2639 1552 2676 qua
1561 2629 1592 2664 si
