1852 3163
500 212 663 243 CONTRA
697 210 957 240 AcAmzivncos
989 212 1114 240 LIBER
1147 213 1212 238 111.
1498 202 1548 240 91

165 282 324 328 vivere.
349 282 407 324 Et
434 277 546 324 forte
575 278 620 322 in
641 293 792 323 eorum
814 291 999 322 numero
1021 285 1086 320 est
1106 277 1274 336 sapiens
1298 275 1396 332 ille,
1421 291 1553 337 quem

165 353 415 416 quaerimus.
450 351 535 397 Sed
558 349 613 395 de
633 351 717 396 hoc
746 349 863 395 alias.
897 351 1025 396 Nunc
1050 347 1106 393 ad
1133 347 1299 409 reliqua
1326 363 1557 408 pergamus

167 440 268 486 quae
288 432 466 484 propter
486 422 567 468 ista
585 438 685 483 quae
701 423 794 484 jam
814 420 931 467 dicta
952 428 1076 475 sunt,
1105 418 1256 480 paucis
1276 418 1385 476 (nisi
1407 418 1558 477 fallor)

168 494 494 556 explicabimus.

167 648 1562 670 mmmmmwuwummmmmmmmmmmmmmmmmmwuw

676 783 894 836 CAPUT
937 786 1055 834 XII.

175 930 327 994 Urget
368 927 700 979 Academicos
740 946 951 976 causare
979 929 1183 994 frastra
1223 945 1450 975 sensuum
1488 927 1569 975 vel

471 1007 631 1055 somni
648 1012 695 1049 ec
706 1002 905 1067 ficrorc's
936 1000 1256 1064 deceptiones.

224 1143 414 1187 XXVII.
449 1144 567 1198 Qun)
588 1142 706 1188 enim
728 1141 785 1188 de
812 1142 1010 1188 moribus
1031 1141 1329 1203 inquirentem
1355 1139 1426 1186 vel
1440 1140 1568 1201 juvat

168 1211 236 1258 vel
256 1213 441 1273 impedit
459 1214 651 1273 corporis
673 1215 848 1258 sensus?
864 1213 955 1259 Nisi
977 1229 1080 1259 vero
1103 1212 1200 1257 illos
1223 1212 1338 1273 ipsos
1356 1211 1432 1272 qui
1447 1227 1568 1256 sum-

165 1301 290 1330 mum
310 1285 500 1330 hominis
522 1286 692 1330 bonum
709 1286 756 1330 in
777 1285 1005 1345 voluptate
1021 1300 1228 1345 posuere,
1255 1283 1365 1329 nihil
1384 1283 1569 1344 impedit

167 1366 243 1401 aut
264 1356 483 1402 columbae
506 1356 693 1412 collum,
724 1366 800 1401 aut
821 1373 905 1402 vox
926 1357 1114 1413 incerta,
1142 1366 1219 1401 aut
1241 1371 1371 1415 grave
1392 1354 1567 1417 pondus

165 1428 335 1474 homini
353 1427 476 1490 quod
496 1427 672 1473 camelis
693 1426 790 1474 leve
807 1437 892 1485 est,
927 1437 1004 1473 aut
1025 1428 1109 1473 alia
1131 1437 1335 1474 sexcenta
1350 1464 1362 1484 ,
1393 1428 1569 1489 quomi-

165 1518 248 1546 nus
276 1499 425 1545 dicant
448 1515 500 1545 6ο
529 1516 619 1561 quo
643 1499 920 1545 delectantur
948 1499 1154 1544 delectari
1183 1515 1228 1544 se
1255 1500 1386 1556 scire,
1418 1499 1490 1545 vel
1517 1515 1569 1545 6ο

165 1588 256 1634 quo
279 1570 576 1619 offenduntur
598 1570 766 1616 offendi
794 1590 802 1616 ι
839 1569 984 1632 (quod
1005 1569 1147 1614 refelli
1169 1586 1294 1631 posse
1311 1587 1403 1616 non
1419 1570 1570 1628 video)

166 1661 268 1690 eum
291 1644 638 1690 commovebunt
663 1643 739 1703 qui
767 1643 901 1687 finem
932 1643 1038 1687 boni
1066 1652 1215 1686 mente
1243 1643 1566 1703 complectitur.

168 1715 286 1770 Quid
308 1716 469 1760 horum
486 1723 537 1759 tu
558 1713 707 1773 eligis?
739 1714 781 1759 Si
803 1713 915 1774 quid
935 1713 1045 1757 mihi
1065 1713 1287 1770 videatur,
1318 1714 1499 1775 quaeris,
1523 1714 1570 1759 in

167 1795 316 1836 mente
338 1785 527 1830 arbitror
549 1800 640 1829 esse
662 1799 886 1829 summum
907 1784 1095 1829 hominis
1112 1784 1322 1829 bonum1.
1347 1785 1431 1830 Sed
1446 1801 1567 1830 nunc

169 1857 224 1904 de
245 1856 423 1903 scientia
440 1856 695 1918 quaerimus.
720 1858 838 1915 Ergo
859 1855 1081 1915 interroga
1102 1854 1365 1916 sapientem,
1391 1857 1572 1917 quinon

168 1938 314 1991 potest
343 1928 546 1988 ignorare
573 1926 834 1988 sapientiam
865 1946 875 1971 :
904 1926 1013 1971 mihi
1035 1935 1184 1971 tamen
1206 1926 1333 1972 tardo
1352 1926 1418 1973 illi
1439 1937 1572 1990 atque

146 2000 303 2057 *stulto
324 2000 428 2045 licet
448 1999 626 2044 interim
651 1998 783 2055 scire,
810 1998 917 2044 boni
940 1997 1123 2043 humani
1139 1998 1273 2043 finem
1289 2035 1300 2055 ,
1325 1999 1371 2044 in
1385 2015 1475 2061 quo
1497 2000 1571 2045 in-

167 2072 339 2118 habitet
360 2071 488 2116 beata
514 2071 626 2127 vita,
664 2079 741 2115 aut
768 2069 943 2116 nullum
972 2085 1084 2126 esse,
1113 2079 1190 2115 aut
1217 2070 1264 2114 in
1286 2071 1434 2117 animo
1456 2087 1568 2129 esse,

171 2153 248 2190 aut
269 2144 316 2188 in
332 2158 538 2204 corpore,
562 2150 638 2187 aut
659 2142 707 2186 in
727 2151 934 2204 utroque.
957 2144 1052 2187 Hoc
1071 2157 1163 2198 me,
1177 2142 1216 2202 ssi
1237 2151 1383 2203 potes,
1404 2143 1571 2189 nescire

171 2214 404 2271 convince,
424 2214 546 2276 quod
560 2213 797 2259 notissimae
819 2212 906 2259 illae
920 2222 1074 2259 vestrae
1087 2214 1274 2259 rationes
1292 2214 1416 2260 nullo
1435 2216 1569 2261 modo

172 2285 353 2332 faciunt.
380 2286 511 2342 Quod
535 2287 570 2331 si
592 2302 684 2331 non
707 2277 864 2346 potes,
888 2302 979 2331 non
1002 2285 1119 2330 enim
1142 2287 1329 2347 reperies
1356 2287 1427 2332 cui
1456 2286 1565 2332 falso

173 2359 310 2405 simile
332 2359 403 2416 sit,
428 2374 592 2419 ego-ne
611 2358 874 2404 concludere
895 2358 1132 2415 dubitabo,
1159 2368 1276 2404 recte
1292 2360 1401 2404 mihi
1416 2360 1554 2405 videri

172 2431 280 2476 scire
303 2431 541 2490 sapientem
563 2430 784 2492 quipquid
805 2431 851 2476 in
871 2429 1147 2491 philosophia
1164 2447 1318 2478 verum
1341 2441 1427 2489 cst,
1459 2447 1561 2477 cum
1590 2467 1599 2469 >

118 2550 126 2553 s
173 2519 254 2564 ego
273 2503 377 2549 inde
398 2512 489 2548 tam
508 2503 650 2549 multa
670 2519 773 2549 vera
794 2504 1104 2564 cognoverim?

225 2607 234 2624 ¹
252 2600 321 2634 Lib.
341 2611 369 2633 x.
387 2601 532 2634 Reti-act.
553 2611 627 2643 cap.
650 2611 682 2642 1,
709 2611 740 2633 n.
757 2599 789 2643 4.
