1888 3168
289 245 371 285 524
730 257 764 282 s.
800 254 1028 283 AUGUSTINt
1066 255 1246 283 Eriscom

292 337 489 383 promere
506 357 517 377 ,
543 321 672 367 video
698 336 776 366 nos
798 321 843 366 id
870 320 1012 366 facere
1032 336 1133 365 cum
1156 329 1396 366 cantamus.
1423 320 1553 376 Quod
1579 337 1679 367 cum

289 394 368 439 soli
404 408 517 453 saepe
551 392 758 448 facimus,
795 392 919 437 nullo
943 402 1154 452 praescnte
1176 393 1252 453 qui
1275 392 1411 437 discat
1426 428 1437 448 ,
1463 408 1553 437 non
1573 402 1681 453 puto

288 481 366 510 nos
390 464 548 509 docere
570 463 737 524 aliquid
754 463 881 508 velle.
903 466 1017 508 Am.
1043 466 1101 508 At
1122 479 1203 523 ego
1225 472 1334 524 puto
1347 479 1436 508 esse
1458 463 1681 525 quoddam

290 552 425 596 genus
459 534 647 580 docendi
688 550 764 594 per
795 535 1278 590 commemorationem,
1315 550 1523 594 magnum
1551 551 1679 591 sane,

288 608 409 669 quod
431 608 475 651 in
493 616 639 652 nostra
665 607 745 652 hac
767 606 1129 651 sermocinatione
1147 622 1213 651 res
1236 607 1327 667 ipsa
1345 606 1571 652 indicabit.
1600 606 1685 653 Sed

289 682 322 726 si
346 691 395 726 tu
418 697 507 725 11011
529 680 751 725 arbitraris
774 695 852 724 nos
874 679 1038 724 discere
1061 695 1162 724 cum
1182 678 1483 736 recordamur,
1502 695 1582 724 nec
1605 679 1686 724 do-

291 768 388 798 cere
418 751 543 796 illum
572 754 648 812 qui
682 760 1023 807 commemorat,
1060 767 1150 796 non
1179 752 1329 796 resisto
1363 750 1469 796 tibi:
1502 760 1546 795 et
1578 750 1685 796 duas

284 828 377 886 jam
413 823 623 886 loquendi
658 839 806 868 causas
848 824 1090 880 constituo,
1125 833 1200 868 aut
1235 834 1286 869 ut
1319 823 1573 879 doceamus,
1612 832 1688 868 aut

290 907 341 942 ut
382 911 774 942 commemoremus
822 896 892 941 vel
934 896 1039 941 alios
1089 895 1160 941 vel
1202 897 1488 956 nosmetipsos
1525 915 1534 941 :
1567 895 1689 957 quod.

291 969 422 1012 etiam
461 968 570 1012 dum
617 977 843 1011 cantamus
865 1003 875 1020 ,
921 967 1132 1012 efficimus
1163 984 1174 1011 .·
1215 983 1270 1011 an
1314 967 1393 1011 tibi
1442 982 1533 1012 non
1562 966 1688 1011 vide-

290 1050 363 1084 tur
382 1042 399 1084 P
446 1043 527 1084 AD.
572 1042 669 1084 Non
703 1055 879 1099 prorsus
911 1059 920 1084 ι
964 1054 1066 1083 nam
1111 1054 1255 1084 rarum
1308 1038 1546 1083 admodum
1590 1047 1654 1082 est
1674 1073 1685 1094 ,

291 1122 341 1157 ut
371 1127 449 1170 ego
483 1121 656 1156 cantem
685 1110 1061 1156 commemorandi
1088 1127 1158 1156 me
1187 1111 1350 1171 gratia,
1388 1110 1464 1155 sed
1494 1119 1691 1155 tantum-

291 1182 424 1228 modo
462 1182 724 1228 delectandi.
765 1186 878 1228 Ace„
918 1182 1057 1228 Video
1091 1183 1200 1244 quid
1233 1183 1406 1227 sentias.
1437 1182 1520 1227 Sed
1543 1198 1691 1227 nonne

295 1253 506 1311 attendis,
544 1253 590 1299 id
622 1253 744 1316 quod
775 1264 818 1299 te
855 1252 1044 1299 delectat
1072 1255 1118 1299 in
1151 1264 1309 1310 cantu,
1346 1253 1693 1299 modulationem

295 1325 532 1389 quamdam
562 1342 652 1370 csse
676 1326 794 1384 soni3
831 1341 930 1386 quae
966 1326 1176 1386 quoniam
1197 1326 1340 1371 verbis
1361 1335 1405 1370 et
1426 1325 1529 1370 addi
1551 1335 1594 1370 et
1616 1324 1694 1370 de-

294 1398 409 1443 trahi
444 1407 614 1458 potest,
651 1396 772 1441 aliud
803 1405 868 1440 est
889 1396 1011 1457 loqui
1029 1432 1039 1452 ,
1078 1397 1199 1441 aliud
1221 1407 1284 1441 est
1306 1407 1495 1442 cantare.
1518 1399 1630 1442 Nam
1652 1407 1695 1442 et

295 1469 415 1514 tibiis
439 1478 481 1513 et
519 1469 686 1513 cithara
708 1477 938 1523 cantatur,
973 1477 1017 1512 et
1045 1483 1142 1512 aves
1161 1476 1366 1523 cantant,
1391 1476 1434 1511 et
1455 1483 1533 1512 nos
1555 1467 1694 1512 inter-

296 1541 404 1585 dum
427 1541 519 1584 sine
534 1539 678 1584 verbi‘s
696 1540 913 1584 musicum
936 1538 1102 1600 aliquid
1124 1554 1342 1594 sonamus,
1359 1539 1436 1600 qui
1453 1554 1582 1583 sonus
1597 1555 1695 1583 can-

302 1622 370 1677 tus
384 1611 477 1655 dici
498 1619 656 1671 potest,
672 1609 837 1655 locutio
856 1625 947 1654 11011
968 1618 1112 1671 potest
1130 1629 1139 1655 ι
1158 1626 1213 1654 an
1233 1609 1477 1672 quidquam
1494 1619 1558 1655 est
1575 1610 1697 1671 quod

297 1682 603 1728 contradicas?
627 1685 709 1726 An.
734 1680 853 1727 Nihil
871 1697 988 1726 sanc.

360 1757 419 1798 Il.
455 1757 569 1798 Ace.
596 1752 781 1797 Videtur
803 1768 905 1811 ergo
927 1752 1025 1808 tibi,
1043 1752 1124 1797 nisi
1146 1763 1222 1797 aut
1245 1752 1455 1808 docendi,
1483 1761 1559 1798 aut
1577 1769 1698 1799 com-

299 1823 572 1869 memorandi
596 1840 722 1869 causa
734 1840 824 1869 11011
842 1840 931 1869 esse
949 1824 1194 1869 institutam
1207 1824 1475 1869 locutionem
1489 1826 1508 1870 P
1520 1828 1603 1870 An.
1620 1826 1698 1870 Vi-

300 1897 477 1942 deretur
492 1932 502 1952 ,
528 1897 609 1941 nisi
631 1912 702 1941 1110
723 1905 944 1952 moveret,
964 1896 1085 1957 quod
1108 1897 1212 1941 dum
1234 1912 1406 1941 oramus
1421 1933 1431 1953 ,
1457 1896 1611 1958 utique
1633 1896 1700 1941 lo-

300 1969 502 2030 quimur3
523 1983 603 2012 nec
627 1977 774 2012 tamen
796 1971 936 2012 Deum
951 1977 1027 2012 aut
1049 1968 1196 2012 doceri
1219 1967 1386 2030 aliquid
1409 1984 1432 2012 a
1450 1968 1600 2024 nobis,
1623 1977 1700 2013 aut

300 2040 632 2086 commemorari
648 2038 709 2084 fas
731 2049 794 2084 est
809 2039 1000 2084 credere.
1018 2043 1132 2085 Arc.
1147 2040 1320 2085 Nescire
1337 2048 1381 2084 te
1404 2039 1592 2085 arbitror
1609 2056 1699 2085 11011

301 2113 358 2157 ob
383 2112 502 2156 aliud
519 2112 646 2156 nobis
660 2121 932 2172 praeceptum
950 2126 1057 2168 esse,
1077 2120 1128 2156 ut
1141 2111 1185 2155 in
1206 2111 1361 2156 clausis
1379 2109 1594 2156 cubiculis
1607 2126 1700 2156 ore-

304 2199 426 2239 mus,
463 2199 552 2245 quo
583 2184 759 2228 nomine
794 2183 1096 2243 significantur
1132 2182 1289 2227 mentis
1315 2181 1584 2243 penetralia,
1619 2182 1700 2227 nisi

304 2255 424 2317 quod
442 2259 557 2301 Deus
573 2293 583 2311 ,
615 2265 664 2300 ut
686 2256 812 2300 nobis
835 2255 956 2317 quod
979 2256 1179 2315 cupimus
1201 2264 1402 2316 praestet,
1428 2270 1700 2300 commemo-

303 2329 386 2372 rari
409 2337 484 2372 aut
507 2327 652 2373 doceri
676 2337 821 2372 nostra
836 2327 1057 2372 locutione
1079 2343 1169 2371 11011
1191 2327 1364 2388 quaerit.
1391 2326 1477 2381 Qui
1499 2327 1617 2370 enim
1637 2326 1699 2371 lo-

304 2401 475 2461 quitur,
500 2416 589 2445 suae
609 2399 847 2445 voluntatis
871 2400 1045 2460 signum
1078 2400 1191 2446 foras
1220 2399 1295 2444 dat
1318 2416 1395 2460 per
1417 2399 1699 2444 articulatum

305 2488 461 2517 sonum
482 2492 490 2516 ·.
507 2475 622 2516 Deus
641 2481 786 2515 autem
810 2472 854 2515 in
872 2472 972 2532 ipsis
990 2464 1207 2517 rationalis
1227 2472 1382 2516 animae
1402 2472 1574 2516 secretis
1589 2507 1600 2527 ,
1623 2471 1700 2532 qui

306 2544 440 2587 homo
457 2543 636 2587 interior
653 2552 850 2599 vocatur,
872 2552 915 2587 et
930 2542 1193 2604 quaerendus
1216 2553 1259 2588 et
1282 2542 1583 2603 deprecandus
1607 2551 1695 2586 cst:

307 2615 402 2658 hmo
438 2615 552 2658 enim
586 2631 660 2659 sua
696 2614 857 2674 templa
882 2630 971 2659 esse
1001 2613 1154 2658 voluit.
1183 2617 1250 2658 An
1285 2613 1403 2673 apud
1442 2612 1699 2673 Apostolum
