1888 3168
389 199 473 239 274
825 210 857 238 5.
896 210 1126 240 »1100511111
1160 214 1342 242 10050011

388 290 625 337 puerorum
657 291 800 336 quos
788 276 1175 324 animadvertimus
1207 279 1274 323 his
1307 279 1526 325 1110110105
1556 296 1646 326 0550
1677 297 1774 327 001-

384 362 490 424 11010
512 347 674 409 quibus
691 358 792 393 sunt
813 358 940 393 {etate
962 352 1162 411 maj01cs.
1188 350 1232 396 Si
1248 350 1379 408 igitm
1399 361 1599 411 ponecta
1612 369 1658 397 1n
1673 353 1774 414 plu-

379 418 545 463 limum
568 427 850 480 temp01a,11e
868 419 968 479 ipsis
989 420 1170 481 quidem
1187 422 1443 482 emporibus
1462 423 1773 482 magnitudinis

385 491 577 536 isscrunt
611 507 806 547 causam,
832 490 909 536 sed
935 492 1074 536 omnis
1097 492 1171 537 illa
1202 494 1375 539 seminis
1397 495 1460 540 vis
1483 504 1567 551 est,
1592 505 1637 541 et
1657 512 1771 558 quo-

384 561 587 607 rumdam
613 572 781 608 naturae
813 578 1101 608 numerorum
1135 579 1237 609 53110
1269 564 1564 622 occultorum,
1589 575 1634 611 et
1656 567 1773 612 diffi-

377 633 527 678 cilium
549 633 606 679 ad
626 633 996 694 dignoscendum,
1023 644 1189 696 quanto
1211 636 1355 681 minus
1377 637 1685 683 arbitrandum
1708 648 1772 683 est

374 703 509 765 longo
530 714 725 766 tempore
742 706 933 750 animam
950 706 1044 750 fieri
1061 705 1318 766 longiorem,
1335 708 1438 769 quia
1456 724 1552 754 eam
1570 708 1771 755 videmus

375 791 461 820 usu
483 792 630 821 rerum
651 787 782 838 atque
806 777 1057 823 assiduitate
1080 777 1218 824 multa
1236 778 1452 824 didicisse.

433 851 575 893 XXX.
595 848 726 903 Quod
747 849 781 894 si
799 859 840 894 te
858 848 970 895 illud
991 859 1159 906 movet,
1174 850 1296 912 quod
1312 849 1500 896 solemus
1518 867 1614 896 eam
1636 868 1770 913 quam

369 920 509 964 Graeci
549 929 758 974 μακροθυμίαν
800 930 986 977 vocant,
1032 921 1410 981 longanimitatem
1455 923 1732 983 interpretari
1753 958 1764 979 ,

370 991 715 1038 animadvertere
745 992 848 1039 lieet
884 1011 908 1039 a
940 1010 1120 1055 corpore
1156 994 1213 1039 ad
1245 994 1441 1039 animum
1463 995 1604 1040 multa
1630 995 1770 1041 verba

369 1064 614 1120 transferri,
643 1065 755 1110 sicut
788 1065 844 1110 ab
882 1065 1029 1110 animo
1061 1064 1117 1109 ad
1139 1081 1326 1126 corpus:
1364 1081 1466 1110 nam
1502 1066 1536 1111 si
1572 1075 1768 1111 montem

370 1133 623 1194 improbum
652 1145 695 1179 et
728 1136 1010 1197 justissimam
1036 1135 1239 1181 tellurem
1271 1136 1379 1181 dixit
1404 1136 1632 1197 Virgilius,
1667 1152 1768 1197 quae

371 1205 507 1250 verba
528 1204 668 1250 cernis
688 1208 742 1248 ab
761 1208 908 1253 animo
927 1207 983 1252 ad
1004 1224 1187 1269 corpora
1208 1224 1297 1253 0550
1315 1207 1536 1264 translata,
1558 1207 1666 1270 quid
1682 1207 1766 1252 mi-

370 1293 467 1322 rum
496 1278 530 1321 si
557 1286 713 1322 mutua
742 1276 836 1322 vice
869 1279 1248 1334 longanimitatem
1282 1279 1483 1336 dicimus,
1509 1295 1610 1325 cum
1635 1279 1768 1338 longa

371 1349 452 1393 nisi
474 1364 657 1408 corpora
674 1363 763 1392 esse
785 1363 879 1392 11011
900 1347 1095 1408 possint?
1119 1354 1184 1391 Ea
1204 1367 1309 1396 vero
1331 1351 1444 1395 inter
1464 1351 1647 1396 virtutes
1668 1366 1769 1409 quae
1814 1359 1816 1362 ’

370 1420 617 1480 appellatur
639 1419 770 1464 animi
787 1417 1068 1478 magnitudo,
1095 1417 1151 1462 ad
1172 1416 1346 1463 nullum
1373 1419 1585 1479 spatium,
1611 1418 1688 1464 sed
1713 1419 1769 1463 ad

370 1492 459 1536 rim
483 1491 737 1553 quamdam,
758 1489 804 1535 id
825 1499 906 1545 est,
927 1489 982 1534 ad
999 1498 1260 1550 potestatem
1278 1490 1610 1552 potentiamque
1633 1489 1768 1535 animi

371 1563 508 1609 relata
530 1573 647 1609 10010
669 1562 929 1622 intelligitur
946 1595 958 1617 ,
977 1562 1114 1607 virtus
1146 1577 1198 1607 eo
1219 1562 1355 1623 pluris
1376 1561 1653 1618 aestimanda,
1677 1578 1766 1623 quo

368 1634 496 1695 plura
513 1634 769 1680 contemnit.
799 1634 884 1679 Sed
903 1633 958 1678 de
974 1635 1056 1679 1130
1080 1643 1178 1694 post
1197 1632 1447 1694 loquemur,
1472 1648 1575 1678 011111
1597 1648 1767 1693 (suaere-

370 1721 467 1750 mus
489 1715 655 1766 quanta
681 1705 735 1750 sit
757 1706 914 1762 anima,
944 1705 1055 1749 sieut
1078 1705 1215 1766 quaeri
1237 1704 1408 1761 assolet,
1426 1714 1616 1766 quantus
1634 1702 1767 1749 fuerit

370 1777 602 1833 Hercules,
628 1776 846 1822 factorum
874 1776 1153 1837 excellentia,
1181 1792 1271 1821 11011
1298 1775 1415 1821 mole
1437 1775 1762 1821 membrorum:

369 1848 428 1893 ita
443 1849 559 1893 enim
573 1865 704 1909 supra
724 1848 1043 1894 distribuimus.
1060 1850 1245 1908 Oportet
1263 1857 1410 1892 autem
1422 1863 1542 1892 nunc
1558 1856 1601 1892 te
1617 1863 1765 1892 recor-

370 1919 463 1964 dari
487 1918 608 1980 quod
629 1919 684 1964 de
706 1930 872 1977 puncto
888 1921 979 1976 jam
1001 1919 1103 1964 satis
1120 1919 1310 1977 egimus:
1337 1935 1438 1963 nam
1460 1918 1506 1963 id
1518 1918 1766 1979 potentissi-

366 2004 486 2034 mum
513 2004 618 2044 esse,
645 1987 921 2048 maximeque
942 1986 989 2030 in
1011 1988 1160 2045 figuris
1184 1986 1401 2031 dominari
1423 1990 1532 2032 ratio
1559 1987 1760 2032 docebat.

367 2059 568 2105 Potentia
588 2074 692 2103 vero
709 2067 839 2119 atque
856 2057 1104 2103 dominatus
1122 2073 1270 2102 nonne
1287 2067 1509 2102 ostentant
1528 2057 1763 2119 quamdam

366 2129 738 2190 magnitudinem?
755 2138 798 2173 et
810 2129 856 2173 in
878 2138 1043 2189 puncto
1066 2138 1213 2174 tamen
1236 2128 1410 2173 nullum
1427 2129 1616 2189 spatium
1634 2144 1762 2190 repe-

365 2203 598 2247 riebamus.
618 2203 717 2247 Non
738 2200 872 2260 igitur
893 2216 1103 2261 magnum
1121 2200 1191 2246 vel
1207 2201 1430 2259 ingentem
1450 2200 1646 2246 animum
1659 2216 1762 2246 cum

366 2272 567 2319 audimus
593 2282 670 2319 aut
699 2272 901 2329 dic-imus,
928 2281 1146 2334 quantum
1177 2271 1263 2316 loci
1287 2281 1490 2332 occupet,
1510 2271 1589 2317 sed
1615 2287 1761 2333 quan-

365 2354 461 2390 tum
482 2346 631 2406 possit,
658 2344 941 2404 cogitandum
974 2352 1053 2388 est.
1079 2342 1376 2397 Quamobrem
1404 2342 1439 2387 51
1455 2343 1545 2403 jam
1567 2343 1759 2403 primum

365 2425 674 2476 argumentum
704 2425 831 2460 tuum
844 2451 854 2471 ,
880 2430 970 2476 quo
1004 2413 1084 2458 tibi
1121 2429 1198 2474 per
1233 2422 1407 2458 aetatem
1439 2428 1541 2458 cum
1575 2428 1757 2473 corpore

364 2488 534 2532 animus
547 2503 737 2532 01050010
753 2485 1001 2541 videbatur,
1017 2484 1116 2531 satis
1133 2483 1375 2529 discussum
1389 2494 1468 2540 est,
1485 2493 1754 2530 transeamus
1768 2539 1794 2546 Α

364 2557 419 2603 ad
441 2557 576 2603 aliud.
