1852 3163
631 149 686 175 DE
718 149 879 176 ORDINE
911 149 995 176 Lm.
1032 149 1080 174 11.
1488 132 1571 171 183

175 217 321 262 omnia
351 215 623 262 libidinibus.
659 216 889 261 Constitue
923 223 1225 259 matronarum
1252 212 1373 268 loco,
1401 210 1500 256 labe
1526 226 1577 256 ac

174 289 390 334 dedecore
412 287 783 333 dehonestaveris.
812 287 881 332 Sic
903 286 1038 345 igitur
1068 285 1153 329 hoc
1183 299 1320 342 genus
1342 283 1577 335 hominum

173 370 252 421 per
273 377 374 407 suos
386 375 528 407 mores
550 359 896 420 impurissimum
916 358 1006 407 vita
1024 393 1034 414 ,
1054 372 1133 417 per
1152 355 1317 400 ordinis
1333 355 1452 414 leges
1474 369 1580 401 con-

174 432 340 478 ditione
353 431 626 479 vilissimum.
644 433 800 477 Nonne
818 431 863 475 in
877 430 1135 490 corporibus
1151 426 1444 472 animantium
1458 442 1578 487 quae-

175 503 276 549 dam
293 503 491 550 membra
508 503 542 548 si
559 502 650 548 sola
669 503 869 548 attendas
883 517 974 547 non
990 500 1127 562 possis
1143 497 1371 544 attendere
1382 533 1393 554 ‚
1430 506 1579 542 tamen

174 591 224 620 ea
245 584 415 620 naturae
433 573 542 620 ordo
557 611 567 630 ,
593 590 674 619 nec
701 574 804 636 quia
830 572 1069 618 necessaria
1091 580 1220 627 sunt,
1245 569 1394 625 deesse
1407 568 1550 615 voluit
1564 604 1575 626 ,

174 663 255 692 nec
273 648 378 709 quia
391 647 598 698 indecora
610 682 621 702 ,
646 646 837 691 eminere
851 645 1061 707 permisit.
1080 647 1189 699 Quae
1202 651 1352 688 tamen
1363 641 1579 695 deformia

173 729 273 764 tuos
285 719 405 766 locos
415 719 625 774 tenendo⁷
641 718 868 764 meliorem
878 717 1028 763 locuni
1037 730 1289 762 concessere
1303 713 1575 759 melioribus.

173 790 292 845 Quid
322 791 450 836 nobis
489 791 666 836 suavius
680 826 690 846 ‚
731 790 854 852 quod
892 805 995 849 agro
1033 788 1239 849 villaeque
1276 784 1579 848 spectaculum

172 864 487 924 congruentius
515 863 600 909 fuit
631 873 780 924 pugna
813 862 887 908 illa
921 861 1221 922 conflictuque
1245 859 1581 921 gallinaciorum

174 936 388 996 gallorum
402 973 413 993 a
461 938 584 997 cujus
622 936 847 996 superiore
879 935 994 980 libro
1032 934 1219 980 fecimus
1243 932 1542 977 mentionem¹
1563 933 1581 976 P

173 1007 290 1061 Quid
305 1008 515 1068 abjectius
532 1017 679 1052 tamen
693 1006 974 1051 deformitate
988 1005 1175 1067 subjecti
1188 1003 1406 1050 vidimus?
1426 1006 1483 1048 Et
1500 1018 1579 1063 per
1633 1006 1637 1048 j

170 1080 308 1140 ipsam
353 1089 499 1125 tamen
522 1079 718 1141 ejusdem
741 1079 990 1125 certaminis
1019 1077 1256 1139 perfectior
1286 1075 1576 1137 pulchritudo
1631 1075 1632 1079 ’

171 1161 450 1214 provenerat.

170 1309 1575 1331 mmmmmwmwuwummmmmmmmwwxmmmvmmwnmwmwnumw

737 1434 959 1486 CAPUT
996 1436 1057 1486 V.

179 1582 436 1649 Quomodo
457 1581 748 1632 medendmn
766 1585 922 1630 errori
932 1581 1229 1634 creclentc'mn
1250 1598 1327 1630 res
1343 1580 1476 1628 mello
1497 1597 1578 1627 or-

727 1654 840 1701 dine
874 1658 997 1719 geri.

228 1795 357 1838 XIII.
386 1795 522 1838 TALIA
536 1792 668 1838 credo
691 1802 795 1838 sunt
809 1793 973 1848 omnia,
994 1792 1070 1838 sed
1084 1792 1236 1838 oculos
1251 1801 1476 1854 quaerunt.
1499 1794 1576 1839 So-

168 1864 389 1911 loecismos
402 1875 447 1910 et
461 1865 756 1911 barbarismos
774 1881 885 1926 quos
898 1874 1060 1910 vocant
1074 1868 1217 1925 poetae
1230 1864 1573 1921 adamaverunt,

169 1954 269 2000 quae
292 1939 511 1983 schemata
535 1946 579 1981 et
599 1936 908 1997 metaplasmos
937 1937 1117 1981 mutatis
1139 1936 1360 1997 appellare
1383 1937 1580 1982 nomini-

168 2011 268 2066 bus,
285 2026 420 2071 quam
433 2008 665 2054 manifesta
672 2010 758 2054 vita
771 2008 924 2069 fugere
935 2009 1204 2054 maluerunt.
1223 2011 1412 2063 Detrahe
1425 2020 1577 2057 tamen

168 2082 251 2126 ista
272 2082 540 2127 carminibus
558 2117 568 2137 ‚
613 2081 865 2126 suavissima
888 2080 1173 2126 condimenta
1205 2081 1572 2128 desiderabimus.

169 2156 368 2213 Congere
390 2153 531 2199 multa
558 2155 605 2198 in
638 2169 780 2198 unuin
813 2153 961 2215 locum
978 2190 988 2210 ,
1011 2164 1156 2199 totum
1190 2171 1313 2211 acre,
1337 2155 1572 2215 putidum,

170 2224 401 2269 rancidum
438 2224 662 2271 fastidibo.
707 2225 911 2270 Transfer
952 2225 998 2270 in
1035 2225 1222 2271 liberam
1262 2225 1574 2288 forensemque

169 2297 431 2353 dictionem,
463 2298 560 2358 quis
598 2314 690 2342 non
707 2313 802 2343 eam
826 2296 978 2357 fugere
1017 2308 1150 2360 atque
1174 2298 1221 2343 in
1259 2299 1430 2343 theatra
1451 2313 1574 2344 sece-

171 2367 274 2414 dere
310 2368 519 2429 jubebit?
561 2369 682 2414 Ordo
715 2370 850 2429 igitur
872 2386 920 2414 ea
941 2370 1194 2428 gubernans
1233 2380 1276 2415 et
1313 2369 1570 2427 moderans,

170 2456 251 2486 nec
274 2439 393 2501 apud
425 2456 469 2484 se
505 2441 640 2486 nimia
657 2477 667 2497 ,
713 2458 794 2486 nec
833 2441 1023 2487 ubilibet
1060 2442 1203 2489 aliena
1239 2458 1339 2488 esse.
1360 2443 1568 2504 patietur.

220 2546 228 2562 ¹
251 2541 329 2581 Cap.
348 2550 415 2577 vni,
436 2550 467 2571 n.
488 2539 540 2571 ‘23
