1888 3168
480 199 605 225 LinER
638 199 691 225 DE
725 196 1083 226 IMMORTALITATE
1115 196 1278 226 AMMAE.
1491 189 1571 227 ‘237

181 351 212 368 Ἃ
217 351 285 368 {m
289 350 1285 368 QMWQQQMUMWWWMNVWWQAM'MNWQNWWWVWWVR
1291 351 1430 368 ννννῦννὶ
1435 352 1577 369 §.mm

698 473 918 525 CAPUT
963 476 1076 524 XII.

185 619 423 676 Veritati,
444 635 477 665 α,
499 636 598 679 qua
621 629 693 666 est
713 622 906 667 animus
937 619 1071 681 quod
1090 629 1186 678 est,
1206 636 1446 681 quatenus
1469 622 1578 682 ipsa

582 702 654 738 est
662 729 678 751 ,
705 691 831 739 m'lzil
850 693 1166 740 contrariam.

237 830 360 873 XIX.
396 831 461 873 AT
484 829 518 874 si
538 829 709 874 veritati
731 831 1000 876 contrarium
1021 831 1081 876 ita
1106 846 1378 892 quaeramus,
1413 847 1503 876 non
1531 831 1579 875 in

178 909 396 962 quantum
416 901 575 945 veritas
589 910 653 945 est
670 937 680 957 ⁷
712 901 788 946 sed
809 903 855 946 in
872 912 1090 963 quantum
1111 918 1281 947 summe
1302 902 1576 963 maximeque

178 982 257 1029 est,
278 989 534 1034 quanquam
547 973 594 1017 in
608 983 781 1019 tantum
800 984 865 1020 est
883 974 1075 1035 idipsum
1093 975 1138 1019 in
1148 985 1366 1036 quantum
1386 984 1451 1020 est
1466 975 1580 1020 veri-

177 1052 268 1101 tas,
295 1044 510 1105 siquidem
537 1044 766 1089 veritatem
789 1061 885 1090 eam
915 1045 1101 1090 dicimus
1129 1062 1217 1107 qua
1239 1062 1342 1092 vera
1359 1055 1461 1091 sunt
1485 1061 1580 1090 om-

177 1115 249 1159 nia
279 1115 324 1158 in
346 1124 759 1177 quantumcumque
796 1126 925 1173 sunt,
963 1117 1010 1161 in
1031 1126 1206 1162 tantum
1229 1127 1378 1162 autem
1401 1126 1505 1162 sunt
1533 1117 1580 1161 in

176 1196 392 1248 quantum
431 1203 533 1233 vera
555 1198 680 1244 sunt,
717 1198 867 1233 tamen
905 1188 1029 1234 nullo
1058 1188 1191 1234 modo
1224 1189 1271 1234 id
1309 1189 1576 1249 defugerim,

175 1258 299 1320 quod
323 1259 432 1303 mihi
467 1259 710 1305 evidentius
740 1261 1020 1320 suffragatur.
1047 1264 1158 1307 Nam
1188 1262 1223 1306 si
1247 1260 1369 1305 nulla
1398 1261 1581 1305 essentia

175 1328 221 1373 in
236 1339 453 1390 quantum
476 1329 658 1375 essentia
677 1340 756 1387 est,
784 1329 952 1392 aliquid
972 1331 1107 1375 habet
1125 1332 1411 1386 eontrarium,
1438 1330 1580 1375 multo

174 1402 319 1446 minus
340 1402 476 1446 habet
503 1403 772 1447 eontrarium
791 1403 933 1463 prima
955 1402 1030 1447 illa
1060 1404 1245 1449 essentia
1262 1440 1273 1461 ,
1300 1420 1400 1465 quae
1420 1404 1582 1448 dieitur

174 1472 355 1528 veritas‚
391 1471 437 1516 in
467 1482 686 1534 quantum
714 1473 899 1519 essentia
929 1483 1008 1519 est.
1036 1475 1234 1520 Primum
1257 1485 1406 1520 autem
1426 1490 1581 1520 verum

174 1554 253 1590 θεῖ.
281 1545 433 1589 Omnis
457 1545 574 1590 enim
607 1546 791 1591 essentia
829 1562 921 1591 non
943 1546 1000 1590 ob
1036 1546 1158 1592 aliud
1180 1547 1363 1592 essentia
1383 1557 1473 1603 est,
1501 1547 1581 1591 nisi

174 1618 277 1678 quia
293 1627 372 1662 est.
390 1620 495 1662 Esse
513 1627 662 1662 autem
677 1634 769 1663 non
785 1619 922 1663 habet
935 1619 1222 1675 eontrarium,
1244 1619 1328 1663 nisi
1351 1635 1441 1664 non
1463 1634 1577 1664 esse:

174 1688 295 1733 unde
317 1686 426 1732 nihil
449 1697 514 1732 est
527 1689 725 1732 essentiae
747 1689 1033 1733 eontrarium.
1060 1689 1195 1736 Nullo
1212 1689 1346 1735 modo
1370 1690 1502 1748 igitur
1515 1705 1581 1734 res

174 1758 267 1804 ulla
288 1775 379 1804 esse
398 1768 541 1819 potest
563 1760 778 1804 contraria
801 1759 866 1804 illi
886 1761 1143 1805 substantiae
1164 1797 1174 1817 ,
1202 1778 1302 1822 quae
1323 1761 1509 1806 maxime
1532 1777 1581 1805 ac

172 1830 375 1892 primitus
405 1839 483 1875 est.
523 1833 588 1875 Ex
609 1846 697 1892 qua
727 1831 762 1875 si
782 1830 918 1875 habet
945 1831 1115 1876 animus
1137 1832 1330 1892 idipsum
1358 1831 1480 1893 quod
1514 1841 1581 1876 est

173 1904 290 1961 (non
312 1901 430 1946 enim
452 1901 629 1947 aliunde
650 1903 735 1947 hoe
760 1902 924 1946 habere
945 1912 1090 1963 potest
1106 1938 1117 1958 ‚
1144 1903 1221 1963 qui
1243 1918 1295 1947 ex
1316 1919 1359 1947 se
1392 1919 1485 1948 non
1506 1903 1583 1947 ha-

174 1973 272 2029 bet,
306 1973 388 2018 nisi
413 1973 469 2017 ab
499 1971 573 2017 illa
604 1988 650 2017 re
672 1989 771 2034 quae
800 1972 877 2018 illo
896 1973 990 2034 ipso
1014 1983 1078 2018 est
1100 1974 1248 2019 animo
1279 1974 1581 2035 praestantior)

174 2043 299 2088 nulla
322 2059 390 2088 res
413 2052 477 2088 θεῖ
499 2059 586 2104 qua
604 2042 649 2088 id
670 2044 868 2100 amittat,
895 2044 999 2105 quia
1016 2044 1139 2089 nulla
1162 2061 1229 2090 res
1247 2045 1286 2089 ei
1305 2045 1367 2089 rei
1389 2054 1452 2089 est
1474 2061 1581 2089 eon-

174 2115 306 2160 traria
323 2131 410 2177 qua
433 2115 480 2160 id
496 2116 630 2160 habet
647 2136 658 2173 3
675 2125 718 2160 et
732 2125 964 2176 propterea
980 2132 1070 2161 esse
1085 2133 1177 2162 non
1193 2117 1368 2162 desinit.
1396 2116 1580 2177 Sapien-

176 2186 283 2231 tiam
311 2202 437 2241 vero‚
477 2187 896 2249 quia-conversione
929 2187 1065 2232 habet
1099 2187 1156 2233 ad
1187 2187 1235 2232 id
1268 2204 1320 2232 ex
1353 2203 1443 2249 quo
1487 2197 1577 2243 est,

176 2257 398 2303 aversione
411 2257 531 2303 illam
549 2268 693 2319 potest
711 2258 924 2303 amittere.
943 2259 1229 2306 Conversioni
1246 2275 1438 2320 namque
1453 2275 1580 2304 aver-

176 2329 239 2375 sio
258 2329 474 2375 eontraria
494 2339 573 2376 est.
597 2329 716 2376 Illud
731 2346 834 2377 vero
852 2330 973 2393 quod
990 2347 1042 2376 ex
1059 2347 1110 2377 eo
1133 2331 1268 2376 habet
1285 2330 1356 2376 cui
1373 2330 1494 2376 nulla
1514 2347 1579 2376 res

177 2411 241 2446 est
273 2401 513 2458 contraria,
545 2417 636 2450 non
673 2412 738 2448 est
766 2402 887 2448 unde
919 2403 1055 2464 possit
1084 2403 1297 2449 amittere.
1324 2405 1423 2449 Non
1444 2403 1578 2462 igitur

175 2483 322 2534 potest
343 2474 534 2520 interire.
