1888 3168
706 201 830 229 Lmnn
863 199 916 226 DE
949 195 1179 225 MAGISTRO.
1560 174 1643 217 565

249 269 379 328 dixit3
401 268 539 313 veluti
562 267 595 311 si
623 267 839 328 quispiam
861 264 1086 324 Epicureis
1107 262 1310 317 credens,
1336 269 1380 304 ct
1410 256 1643 303 mortalem

249 340 440 384 animam
462 348 622 399 putans
637 373 648 393 ,
674 353 744 381 eas
767 335 976 390 rationeS,
1002 350 1102 394 quae
1124 333 1179 378 de
1200 329 1529 377 immortalitate
1551 329 1645 389 ejus

248 426 272 456 a
296 409 656 472 prudentioribus
679 417 875 453 tractatae
897 414 1021 462 sunt,
1052 404 1285 466 eloquatur
1311 402 1389 448 illo
1412 401 1644 456 audiente,

248 483 325 543 qui
351 480 593 543 spiritualia
621 479 822 526 contueri
849 487 1015 538 potest3
1033 475 1204 537 judicat
1232 476 1311 520 iste
1333 489 1435 518 eum
1456 488 1557 518 vera
1580 471 1650 515 di-

200 584 203 588 ·
249 569 365 599 cere:
394 561 437 598 at
453 552 526 597 ille
543 552 620 614 qui
634 551 762 608 dicit,
778 559 928 595 utrum
944 564 1046 594 vera
1068 547 1185 592 dicat
1198 548 1390 605 ignorat,
1412 546 1500 590 imo
1517 544 1651 588 etiam

248 624 476 670 salsissima
500 625 737 669 existimat:
762 638 871 667 num
894 621 1030 681 igitur
1056 618 1280 681 putandus
1303 627 1367 664 est
1388 632 1439 662 ea
1456 616 1620 672 *docere
1635 652 1647 672 ‚

249 714 349 759 quae
373 697 536 742 nescit?
558 696 695 758 Atqui
717 694 872 740 iisdem
892 693 1036 739 verbis
1058 692 1214 748 utitur,
1240 691 1401 754 quibus
1424 690 1490 735 uti
1519 688 1651 734 etiam

248 769 387 814 sciens
402 778 563 829 posset.

308 843 450 886 XLII.
477 843 622 894 Quare
637 841 728 901 jam
745 854 800 884 ne
822 840 906 884 hoc
923 838 1105 900 quidem
1122 836 1390 898 relinquitur
1404 834 1550 881 verbis
1564 869 1576 891 ,
1602 826 1654 878 ut

249 911 315 956 his
332 911 486 956 saltem
509 911 731 973 loquentis
752 911 922 956 animus
939 908 1181 965 indicetur,
1200 907 1416 970 siquidem
1433 907 1654 952 incertum

249 994 314 1029 est
336 994 488 1029 utrum
507 999 556 1029 ea
585 1000 685 1045 quae
707 983 907 1044 loquitur
932 983 1052 1027 sciat.
1080 980 1207 1027 Adde
1230 981 1491 1026 mentientes
1519 989 1655 1041 atque

248 1055 453 1100 fallentes
466 1092 476 1111 ,
497 1071 576 1116 per
593 1071 703 1117 quos
719 1054 849 1100 facile
866 1054 1083 1113 intelligas
1105 1069 1197 1099 non
1212 1052 1346 1099 modo
1363 1068 1453 1098 non
1469 1051 1651 1113 aperiri,

248 1128 537 1172 verumetiam
571 1126 784 1172 occultari
806 1126 1004 1172 animum
1032 1125 1192 1170 verbis.
1231 1127 1343 1171 Nam
1372 1123 1497 1170 nullo
1518 1121 1658 1169 modo

248 1198 424 1257 ambigo
447 1198 493 1243 id
510 1196 660 1243 conari
680 1198 814 1243 verba
838 1198 1082 1253 veracium,
1108 1206 1152 1241 et
1168 1196 1363 1258 quodam
1391 1196 1524 1242 modo
1547 1211 1654 1256 pro-

247 1269 389 1325 fiteri,
423 1279 475 1314 ut
508 1270 679 1315 animus
710 1269 934 1331 loquentis
969 1278 1203 1329 appareat3
1246 1268 1369 1329 quod
1401 1268 1657 1313 obtinerent

248 1341 454 1386 omnibus
469 1340 832 1396 concedentibus,
851 1341 886 1385 si
906 1340 1030 1400 loqui
1046 1339 1363 1385 mentientibus
1377 1355 1469 1385 non
1484 1339 1653 1385 liceret.

246 1414 514 1473 Quanquam
537 1427 652 1472 saepe
676 1411 843 1472 experti
871 1411 1085 1456 fuerimus
1107 1420 1151 1454 et
1173 1410 1221 1454 in
1244 1409 1372 1455 nobis
1396 1419 1440 1454 et
1468 1410 1515 1454 in
1537 1410 1654 1466 aliis,

246 1496 338 1526 non
361 1497 513 1526 earum
542 1497 689 1526 rerum
719 1498 820 1541 qua}
849 1482 1102 1540 cogitantur
1122 1480 1257 1525 verba
1280 1478 1469 1539 proferri
1491 1500 1500 1526 :
1535 1480 1657 1541 quod

246 1553 421 1598 duobus
441 1552 584 1598 modis
610 1568 735 1613 posse
764 1552 962 1597 accidere
985 1551 1115 1596 video
1131 1586 1142 1606 ,
1175 1567 1278 1596 cum
1298 1561 1374 1596 aut
1395 1567 1537 1597 sermo
1560 1567 1656 1596 me-

246 1624 397 1668 moriae
429 1624 663 1668 mandatus
693 1632 737 1667 et
771 1638 885 1682 saepe
918 1621 1157 1685 decursus,
1196 1615 1280 1666 alia⁵
1311 1622 1543 1680 cogitantis
1579 1638 1656 1668 ore

245 1694 477 1753 funditur3
502 1694 624 1756 quod
656 1695 783 1739 nobis
805 1709 908 1738 cum
930 1694 1150 1751 hymnum
1175 1693 1372 1738 canimus
1400 1709 1516 1754 saepe
1543 1710 1653 1740 con-

246 1766 404 1826 tingit:
438 1776 514 1811 aut
545 1781 647 1810 cum
678 1765 760 1810 alia
793 1780 874 1825 pro
906 1763 1000 1809 aliis
1032 1764 1165 1809 verba
1197 1773 1358 1824 praetcr
1379 1764 1656 1812 voluntatem

246 1845 441 1882 nostram
461 1836 627 1896 linguae
649 1835 784 1896 ipsius
803 1850 948 1880 errore
965 1833 1228 1895 prosiliunt:
1250 1852 1354 1881 nam
1378 1837 1450 1882 hic
1474 1854 1654 1900 quoque

245 1924 337 1953 non
359 1923 509 1953 earum
533 1922 681 1951 rerum
704 1907 827 1967 signa
849 1922 958 1967 quas
982 1906 1028 1950 in
1051 1906 1198 1951 animo
1216 1907 1433 1953 habemus
1461 1910 1656 1956 audiun-

246 1988 333 2023 tur.
363 1981 475 2025 Nam
497 1979 760 2023 mentientes
783 1978 965 2039 quidem
988 1977 1184 2036 cogitant
1208 1979 1338 2023 etiam
1367 1979 1423 2024 de
1450 1980 1499 2026 iis
1523 1981 1656 2027 rebus

244 2067 352 2112 quas
380 2050 645 2113 loquuntur,
672 2059 722 2094 ut
752 2049 925 2094 tametsi
953 2049 1199 2094 nesciamus
1220 2066 1275 2095 an
1298 2067 1453 2096 verum
1478 2052 1652 2111 dicant,

245 2125 432 2169 sciamus
455 2133 605 2168 tamen
632 2139 704 2168 eos
733 2123 779 2167 in
803 2122 950 2167 animo
974 2122 1137 2166 habere
1155 2122 1279 2184 quod
1301 2122 1479 2180 dicunt,
1505 2125 1540 2170 si
1563 2142 1655 2171 non

245 2197 306 2241 eis
329 2195 500 2256 aliquid
522 2194 713 2240 duorum
747 2210 849 2255 quas²
880 2192 969 2238 dixi
1000 2193 1193 2239 accidat:
1218 2211 1318 2256 quae
1341 2195 1376 2240 si
1399 2196 1498 2257 quis
1519 2206 1564 2242 et
1583 2198 1655 2243 in-

246 2265 423 2312 terdum
457 2265 652 2311 accidere
695 2263 951 2320 contendit,
994 2273 1038 2309 et
1077 2281 1178 2310 cum
1216 2266 1375 2311 accidit
1413 2283 1624 2328 apparere
1639 2305 1652 2326 ,

245 2353 502 2399 quanquam
530 2353 645 2397 saepe
677 2336 902 2382 occultum
930 2344 1019 2391 est,
1056 2345 1100 2382 et
1137 2352 1253 2398 saepe
1286 2353 1357 2382 me
1384 2336 1543 2385 fefellit
1571 2357 1653 2385 au-

247 2409 465 2465 dientem,
487 2425 578 2453 non
599 2409 766 2453 resisto.

307 2482 472 2524 XLIII.
512 2479 597 2525 Sed
623 2481 690 2525 his
720 2479 879 2525 accidit
900 2481 1021 2526 aliud
1044 2496 1204 2540 genus,
1237 2496 1341 2526 sane
1363 2481 1452 2526 late
1473 2490 1649 2541 patens,

247 2559 290 2594 ct
323 2565 471 2596 semen
504 2551 897 2598 innumerabilium
930 2551 1250 2599 dissentionum
1284 2562 1417 2613 atque
1447 2554 1650 2598 certami-
