1888 3168
289 202 370 242 308
714 210 746 237 s.
784 209 1014 238 AtGUsTIM
1047 210 1233 238 Emseorr

283 277 406 340 quod
429 277 582 322 sentio.
608 276 697 322 Nisi
717 277 824 320 mibi
845 286 949 320 tune
963 275 1100 320 multa
1119 277 1211 336 jam
1228 285 1331 321 nota
1353 287 1495 323 essent
1511 279 1565 324 (10
1587 295 1685 326 cor-

280 367 401 411 pore,
423 350 478 394 de
502 349 643 410 specie
661 365 761 410 quae
776 349 886 393 inest
900 348 1087 408 corpori,
1105 347 1159 392 de
1179 348 1294 406 loco,
1316 349 1371 394 (10
1388 359 1602 411 tempore,
1628 352 1683 397 de

278 431 431 478 motu,
452 437 552 483 quae
571 420 849 465 subtilissime
879 428 1012 480 atque
1034 419 1349 465 abstrusissime
1368 431 1548 482 propter
1570 422 1684 467 113110

279 495 419 554 ipsam
442 493 729 554 quaestionem
757 491 1052 547 disseruntur,
1089 490 1145 536 ad
1167 490 1358 537 dandam
1386 491 1579 553 palmam
1607 493 1680 548 iis,

276 565 354 626 qui
377 580 536 625 corpus
562 578 651 610 esse
670 563 858 607 animam
876 562 1056 618 dicunt,
1091 561 1374 608 declinarem.
1407 566 1684 624 Quapropter

276 646 321 682 te
342 646 394 682 ut
413 652 591 698 possum
613 636 745 680 etiam
769 643 900 695 atque
923 635 1056 679 etiam
1074 650 1260 692 moneo,
1280 651 1335 679 ne
1357 644 1516 680 temere
1540 645 1616 680 aut
1637 635 1684 680 in

274 709 412 755 libros
443 719 519 754 aut
540 709 586 753 111
619 707 934 768 disputationes
974 706 1386 768 loquacissimorum
1423 708 1679 765 hominum,

274 782 552 843 nimiumque
571 780 767 825 sensibus
789 780 856 824 his
880 780 1100 840 corporeis
1120 779 1395 824 credentium
1414 788 1457 825 te
1481 781 1683 841 1111001111·-

274 863 338 899 tes
349 889 360 910 ,
378 853 519 899 donec
533 853 719 911 corrigas
733 853 966 914 firmesque
979 852 1160 912 vestigia
1173 888 1183 908 ,
1199 868 1300 913 quae
1314 868 1454 914 usque
1469 853 1525 898 ad
1539 854 1683 914 ipsum

270 930 415 972 Deum
432 926 622 970 animam
637 924 808 970 ducunt
831 945 839 970 :
862 941 915 969 110
934 924 989 969 ab
1007 923 1084 969 illo
1103 925 1392 970 secretissimo
1406 934 1450 969 et
1469 925 1685 986 tranquil-

271 999 434 1044 lissimo
456 998 615 1043 mentis
646 997 924 1053 habitaculo,
965 1014 986 1042 a
1013 1014 1100 1059 quo
1126 1014 1244 1043 1111110
1268 997 1377 1042 (111111
1412 999 1506 1043 haec
1529 998 1682 1043 incolit

270 1072 502 1133 peregrina
524 1081 609 1127 est,
636 1070 791 1116 studiis
823 1069 992 1115 facilius
1016 1080 1059 1115 et
1089 1070 1338 1127 laboribus,
1364 1086 1498 1132 quam
1524 1071 1681 1117 inertia

270 1142 525 1205 desidiaque
544 1144 763 1188 avertaris.

332 1218 490 1260 LXIV.
516 1218 809 1261 Nuncautem
833 1215 981 1275 accipe
1003 1224 1155 1260 contra
1177 1214 1291 1260 illud
1308 1231 1420 1276 quo,
1445 1223 1496 1260 ut
1517 1214 1674 1271 sentio,

272 1286 466 1333 multum
478 1287 669 1333 moveris
683 1324 693 1344 ,
720 1303 809 1332 non
823 1287 946 1348 quod
959 1287 1182 1332 robustius
1199 1287 1254 1332 de
1270 1287 1421 1332 multis
1438 1323 1448 1343 ‚
1465 1287 1541 1332 sed
1557 1286 1681 1348 quod

267 1359 474 1416 brevius3
499 1375 643 1421 neque
667 1357 914 1420 (1110(11111111
933 1358 1206 1417 probabilius
1230 1375 1363 1419 quam
1386 1368 1542 1403 caetera
1558 1394 1568 1413 ,
1601 1357 1678 1402 sed

266 1430 391 1492 quod
408 1430 487 1475 tibi
511 1431 652 1491 aptius
667 1429 827 1488 eligere
844 1429 984 1489 potui.
1007 1431 1061 1473 E.
1083 1429 1160 1473 Dic
1178 1464 1188 1483 ,
1215 1444 1292 1472 oro
1313 1438 1356 1472 te
1373 1464 1383 1482 ,
1405 1445 1540 1489 quam
1561 1429 1678 1473 citis-

267 1504 375 1549 sime
394 1512 532 1564 potes.
554 1506 606 1547 A.
624 1502 821 1546 Primum
840 1500 954 1545 illud
968 1499 1089 1556 dico,
1113 1500 1146 1544 si
1160 1500 1345 1544 maxime
1367 1516 1496 1545 causa
1513 1500 1672 1557 lateat,

267 1592 347 1622 eur
368 1576 414 1619 in
436 1574 683 1620 concisione
704 1571 1000 1634 quorumdam
1024 1587 1259 1632 corporum
1287 1571 1363 1616 illa
1382 1573 1642 1632 contingant
1661 1609 1671 1629 ,

266 1663 360 1692 non
377 1646 588 1691 continuo
611 1660 690 1689 nos
713 1645 797 1688 1100
819 1659 910 1688 11110
927 1644 987 1687 ita
1002 1642 1253 1702 perturbari
1271 1652 1497 1702 oportere,
1513 1653 1564 1688 ut
1586 1653 1677 1688 tam

265 1717 408 1763 multa
424 1733 525 1778 quae
543 1715 741 1777 superius
761 1713 862 1759 luce
885 1712 1073 1758 clariora
1092 1713 1174 1757 tibi
1194 1714 1285 1758 visa
1301 1723 1404 1758 sunt
1418 1749 1429 1770 ‚
1454 1712 1564 1759 falsa
1585 1730 1676 1760 esse

267 1790 547 1835 arbitremur.
567 1787 681 1832 Fieri
694 1786 813 1831 enim
825 1794 971 1846 potest
985 1795 1035 1831 ut
1047 1786 1180 1846 hujus
1197 1785 1262 1830 rei
1278 1801 1407 1831 causa
1420 1801 1511 1831 non
1523 1785 1672 1843 lateat,

265 1878 369 1924 quae
389 1860 460 1906 vel
478 1861 685 1905 humanae
707 1868 877 1903 naturae
901 1857 1118 1903 occultata
1140 1865 1205 1901 est
1219 1892 1229 1912 ,
1253 1857 1325 1902 vel
1353 1857 1409 1902 sit
1431 1857 1561 1902 alicui
1589 1858 1674 1903 ho-

264 1933 375 1980 mini
397 1931 573 1992 cognita
587 1966 597 1986 ,
614 1945 694 1975 nee
713 1929 794 1973 iste
809 1945 833 1973 a
849 1928 974 1973 nobis
991 1928 1251 1987 interrogari
1268 1928 1404 1988 possit
1417 1963 1428 1984 ,
1454 1937 1530 1973 aut
1544 1929 1674 1975 etiam

264 2007 350 2052 hoc
376 2004 554 2064 ingenio
586 2002 667 2062 ipsi
696 2002 828 2046 simus
859 2009 909 2044 ut
942 1998 1185 2045 satisfacere
1220 1999 1347 2044 nobis
1379 2000 1673 2060 interrogatus

264 2093 358 2123 nou
394 2076 544 2137 possit.
579 2071 913 2134 Numquidnam
950 2087 1003 2116 ex
1038 2086 1088 2116 eo
1126 2069 1345 2132 quidquid
1373 2086 1424 2114 ex
1456 2073 1673 2118 contraria

263 2157 388 2211 parte
400 2145 644 2191 firmissime
658 2143 889 2188 didicimus
902 2179 913 2199 ,
932 2159 980 2188 ac
996 2142 1270 2189 verissimum
1284 2157 1373 2186 esse
1389 2143 1666 2200 confitemur,

261 2220 356 2266 labi
381 2218 509 2265 nobis
531 2226 664 2278 atque
686 2215 935 2276 extorqueri
958 2214 1111 2259 decet?
1141 2214 1277 2274 Atqui
1305 2214 1339 2258 si
1361 2213 1435 2258 illa
1463 2223 1671 2260 maneant

261 2294 454 2352 integra,
485 2305 585 2351 quae
611 2288 905 2347 interrogatus
937 2295 1053 2332 certa
1087 2295 1130 2330 et
1152 2285 1338 2330 indubia
1369 2301 1459 2331 esse
1483 2301 1665 2347 respon-

263 2363 388 2420 disti,
413 2361 523 2408 nihil
540 2370 604 2406 est
623 2361 744 2422 quod
771 2360 905 2404 istum
922 2357 1212 2404 vermiculum
1241 2357 1470 2418 pueriliter
1491 2368 1665 2405 metua-

263 2451 379 2492 mus,
414 2448 669 2496 quanquam
701 2431 945 2477 vivacitatis
968 2439 1012 2475 et
1032 2429 1356 2475 numerositatis
1377 2431 1468 2491 ejus
1488 2445 1664 2475 eausam

263 2524 356 2555 non
376 2505 598 2552 valeamus
619 2503 790 2548 afferre.
826 2503 869 2549 Si
898 2503 1015 2547 enim
1044 2500 1162 2562 apud
1198 2511 1241 2546 te
1274 2500 1330 2546 de
1354 2500 1502 2562 aliquo
1525 2503 1663 2547 fixum

265 2583 588 2639 immotumque
609 2585 851 2632 constaret,
892 2573 1013 2636 quod
1035 2583 1144 2620 esset
1176 2574 1242 2619 vir
1273 2573 1437 2630 bonUS,
1471 2589 1661 2635 eumque
