1852 3163
272 177 348 210 110
687 186 719 212 s.
756 188 984 215 Atocs'rml
1018 189 1197 214 El'lsCOPl

264 247 450 291 multum
474 248 655 293 obscura
680 259 741 294 cst
758 287 767 305 ,
801 252 875 295 scd
902 261 1041 295 tamen
1066 269 1086 295 a
1113 261 1153 295 tc
1169 252 1260 312 jam
1283 250 1537 297 illustranda
1551 269 1646 298 sus-

262 320 412 377 cepta)
449 318 583 363 veluti
622 321 664 363 in
687 321 909 381 quoddam
939 321 1226 381 procellosum
1256 321 1395 366 salum
1424 338 1502 366 nos
1524 324 1648 383 quasi

264 399 428 433 tcmcrc
450 391 696 451 passimque
719 392 971 452 projecerit,
1003 402 1163 453 quotus
1196 393 1380 453 quisque
1411 408 1647 452 cognosce-

267 471 330 505 ret
373 478 462 522 quo
500 463 580 506 sibi
622 463 851 507 nitendum
889 473 1019 519 esset,
1061 479 1201 525 quave
1235 463 1537 520 redeundum,
1567 465 1648 510 nisi

261 531 497 592 aliquando
519 542 561 576 ct
584 533 739 577 invitos
762 543 1000 595 contraque
1023 534 1268 579 obnitentes
1290 534 1435 596 aliqua
1457 544 1646 595 tempes-

262 613 324 648 tas
341 640 350 658 ,
381 620 481 664 quse
505 603 646 649 stultis
668 605 841 650 videtur
861 606 1039 651 adversa
1053 642 1063 662 ,
1089 607 1135 651 in
1159 606 1470 667 optatissimam
1486 616 1647 652 terram

262 674 502 719 nescientes
525 685 805 737 errantesque
825 677 1140 737 compingeret.

322 760 379 801 11.
400 758 540 817 Igitur
561 758 808 815 hominum,
836 775 945 821 quos
967 758 1243 820 philosophia
1264 767 1407 819 potest
1428 759 1643 820 accipere,

261 830 341 874 tria
363 830 487 891 quasi
514 830 812 889 navigantium
837 847 995 890 genera
1016 831 1123 875 mihi
1139 829 1291 876 videor
1311 829 1474 875 videre.
1501 832 1646 876 Unum

260 910 324 945 est
351 917 525 952 eorum,
562 918 672 963 quos
703 902 779 946 ubi
812 911 915 947 aetas
945 918 1122 962 compos
1145 901 1322 946 rationis
1345 902 1643 962 assumpserit,

259 988 392 1032 parvo
425 973 593 1033 impetu
630 973 850 1034 pulsuque
882 989 1101 1018 remorum
1135 972 1190 1017 de
1219 972 1419 1033 proximo
1440 967 1644 1032 fugiunt,

259 1060 437 1105 seseque
462 1044 661 1089 condunt
694 1045 738 1088 in
767 1044 840 1089 illa
869 1044 1184 1106 tranquillitate
1202 1080 1212 1100 ,
1248 1042 1368 1088 unde
1399 1044 1564 1089 caeteris
1584 1044 1648 1088 ci-

257 1114 383 1159 vibus
407 1116 567 1176 quibus
588 1125 792 1175 possunt,
818 1132 907 1176 quo
931 1115 1142 1160 admoniti
1165 1124 1380 1159 conentur
1406 1113 1463 1159 ad
1483 1130 1550 1171 se,
1575 1114 1647 1159 lu-

257 1185 524 1230 cidissimum
553 1186 725 1245 signum
753 1186 820 1230 sui
853 1184 1042 1246 alicujus
1066 1185 1206 1244 operis
1228 1185 1417 1244 erigunt.
1447 1185 1647 1230 Alterum

257 1273 359 1302 vero
383 1267 446 1302 est
469 1273 619 1302 eorum
644 1257 944 1317 superiorique
963 1257 1256 1315 contrarium,
1277 1256 1353 1317 qui
1374 1254 1646 1302 fallacissima

257 1328 366 1373 facie
386 1329 514 1372 maris
538 1328 731 1388 decepti,
757 1328 984 1387 elegerunt
1005 1328 1051 1371 in
1073 1326 1267 1370 medium
1290 1326 1518 1386 progredi,
1544 1326 1646 1372 lon-

256 1415 396 1460 geque
419 1416 442 1443 a
466 1416 542 1444 sua
565 1400 702 1459 patria
725 1398 990 1459 peregrinari
1008 1399 1173 1442 audent
1187 1433 1197 1453 ,
1223 1407 1267 1441 ct
1287 1413 1402 1458 saepe
1422 1401 1515 1458 ejus
1532 1397 1647 1442 obli-

253 1471 493 1516 viscuntur.
533 1474 621 1515 Hos
659 1470 692 1514 si
734 1470 877 1514 nescio
912 1486 1000 1531 quo
1037 1479 1081 1513 et
1107 1469 1235 1512 nimis
1268 1467 1432 1513 latente
1459 1468 1592 1514 modo
1620 1486 1645 1514 a

252 1542 392 1603 puppi
420 1551 604 1597 ventus,
646 1557 779 1602 quem
810 1556 1070 1601 prosperum
1104 1549 1290 1600 putant,
1325 1538 1459 1584 fuerit
1492 1556 1644 1600 prose-

252 1623 378 1658 cutus
397 1649 408 1669 ,
450 1621 683 1673 penetrant
720 1613 767 1656 in
808 1611 1013 1656 altissima
1053 1611 1326 1655 miseriarum
1372 1610 1474 1656 elati
1512 1620 1644 1672 atque

251 1683 513 1743 gaudentes,
547 1683 669 1744 quod
701 1683 760 1727 eis
787 1698 1105 1744 usquequaque
1137 1681 1414 1727 fallacissima
1439 1682 1644 1727 serenitas

249 1755 528 1815 voluptatum
562 1755 869 1814 honorumque
904 1752 1145 1797 blanditur.
1192 1753 1267 1798 His
1301 1754 1499 1813 profecto
1535 1752 1644 1814 quid

249 1825 371 1870 aliud
392 1824 636 1886 optandum
658 1835 744 1880 est,
780 1840 914 1885 quam
938 1823 1143 1885 quaedam
1175 1823 1221 1867 in
1242 1823 1326 1868 illis
1348 1824 1478 1869 rebus
1499 1840 1524 1869 a
1547 1825 1643 1886 qui-

248 1896 332 1942 bus
353 1897 460 1958 jacti
483 1896 774 1957 excipiuntur,
803 1895 1070 1955 improspera
1087 1930 1098 1950 ,
1131 1902 1176 1938 et
1197 1894 1232 1937 si
1252 1909 1410 1954 parum
1432 1904 1522 1951 est,
1557 1911 1639 1940 sae-

248 1968 368 2012 vie-ns
393 1967 573 2012 omnino
596 1975 849 2027 tempestas,
877 1965 1180 2026 contrarieque
1213 1965 1322 2010 flans
1352 1974 1533 2022 ventus,
1564 1967 1640 2027 qui

247 2054 319 2084 cos
347 2038 403 2083 ad
431 2047 547 2083 certa
574 2047 617 2082 ct
649 2037 785 2082 solida
815 2036 998 2097 gaudia,
1037 2035 1109 2082 vel
1142 2036 1296 2081 flentes
1331 2046 1639 2098 gementesque

246 2111 460 2170 perducat
481 2130 489 2155 :
520 2111 651 2171 hujus
673 2109 839 2169 generis
865 2118 1009 2154 tamen
1030 2107 1230 2169 plerique
1246 2107 1447 2152 nondum
1463 2107 1638 2168 longius

247 2182 439 2240 evagati,
471 2181 737 2242 quibusdam
759 2197 850 2225 non
871 2180 932 2225 ita
954 2180 1157 2239 gravibus
1183 2179 1389 2224 molestiis
1413 2179 1637 2224 reducun-

246 2263 332 2298 tur.
359 2253 414 2297 Hi
437 2262 540 2297 sunt
560 2252 774 2309 homines,
800 2268 909 2313 quos
931 2268 1031 2297 cum
1054 2251 1125 2296 vel
1145 2249 1448 2310 lacrymabiles
1473 2260 1636 2311 tragoe-

245 2325 329 2369 diae
353 2323 633 2369 fortunarum
655 2339 854 2379 suarum,
886 2323 953 2368 vel
979 2323 1176 2367 inanium
1197 2321 1475 2381 negotiorum
1495 2322 1635 2367 anxiae

244 2395 547 2453 difficultates,
576 2396 700 2457 quasi
732 2394 845 2439 nihil
873 2394 994 2439 aliud
1020 2395 1232 2440 habentes
1255 2392 1375 2454 quod
1397 2403 1556 2453 agant,
1587 2394 1634 2437 in

243 2466 377 2512 libros
395 2467 627 2512 doctorum
644 2466 1148 2526 sapientissimorumque
1161 2465 1391 2510 hominum
1405 2464 1627 2521 truserint,

243 2537 288 2582 in
325 2538 419 2599 ipso
450 2538 642 2600 quodam
667 2537 799 2583 modo
820 2547 952 2598 portu
979 2536 1207 2598 evigilant,
1238 2537 1356 2582 unde
1383 2535 1480 2582 illos
1509 2533 1630 2581 nulla
