1883 3194
236 203 287 242 16
674 211 708 237 s.
744 208 974 236 mensum
1008 207 1188 234 EPISCOPI

229 288 423 332 naturas,
459 286 509 321 ut
541 275 739 322 divinum
777 275 970 319 animum
1004 272 1261 317 mortalibus
1305 272 1614 326 inhaerentem,

229 362 507 410 nequaquam
539 347 760 407 sapientiae
782 355 933 406 portus
961 345 1165 404 accipiat⁷
1191 344 1269 387 ubi
1301 357 1443 403 neque
1465 341 1618 386 adver-

232 429 354 465 sante
385 418 574 463 fortunae
614 418 748 473 flatu,
785 432 928 477 neque
962 414 1230 460 secundante
1264 422 1511 468 moveatur,
1537 411 1618 456 nisi

229 507 281 537 eo
322 490 446 535 illum
480 489 657 534 fortuna
696 489 810 549 ipsa,
835 487 905 533 vel
943 485 1156 542 secunda,
1190 485 1260 531 vel
1295 485 1418 546 quasi
1439 483 1619 530 adversa

229 561 463 623 perducat:
497 560 606 604 nihil
638 575 717 620 pro
752 569 794 604 te
825 558 951 604 nobis
983 557 1103 602 aliud
1133 573 1266 618 quam
1297 565 1399 602 vota
1427 563 1616 610 restant,

229 632 390 694 quibus
413 631 468 676 ab
486 629 579 686 illo,
603 631 674 675 cui
695 631 789 674 haec
806 645 923 674 curae
946 638 1048 673 sunt
1067 634 1153 673 Deo
1168 663 1179 684 ,
1207 629 1240 672 si
1261 642 1488 688 possumus
1503 662 1514 682 ,
1538 627 1622 671 im·-

231 713 451 765 petremus
468 712 518 747 ut
532 712 574 747 te
591 702 672 747 tibi
694 701 848 746 reddat
865 722 874 757 3
899 701 957 746 ita
971 701 1087 745 enim
1104 698 1228 744 facile
1242 698 1396 744 reddet
1413 708 1456 743 et
1468 697 1618 754 nobis3

233 776 434 836 sinatque
466 783 658 819 mentem
680 773 798 818 illam
820 783 942 818 tuam
956 808 967 828 ,
988 788 1088 833 quae
1110 771 1437 832 respirationem
1453 769 1622 831 jamdiu

231 846 438 906 parturit,
477 844 715 906 aliquando
748 844 793 888 in
828 859 951 888 auras
984 858 1099 888 verae
1135 841 1347 886 libertatis
1382 855 1617 900 emergere.

231 917 405 961 Etenim
427 915 608 960 fortasse
632 931 731 976 quae
765 913 898 974 vulgo
936 912 1112 958 fortuna
1143 913 1419 967 nominatur,
1449 909 1623 957 occulto

231 986 426 1048 quodam
457 985 609 1031 ordine
642 985 830 1044 regitur,
864 983 1061 1044 nihilque
1094 982 1215 1028 aliud
1241 983 1285 1027 in
1319 982 1449 1027 rebus
1477 995 1624 1026 casum

232 1073 461 1113 vocamus,
494 1057 574 1101 nisi
602 1057 724 1116 eujus
759 1055 867 1100 ratio
899 1064 943 1099 et
975 1069 1102 1099 031153
1124 1063 1288 1098 secreta
1309 1062 1400 1098 est:
1428 1051 1625 1112 nihilque

232 1145 309 1175 seu
339 1127 559 1173 commodi
592 1143 669 1172 seu
696 1125 965 1171 incommodi
996 1125 1213 1184 contingit
1245 1124 1291 1168 in
1324 1132 1471 1184 parte,
1505 1122 1626 1183 quod

233 1216 323 1245 non
357 1199 588 1243 conveniat
615 1206 659 1242 et
690 1205 904 1255 congruat
940 1196 1158 1240 universo.
1191 1197 1334 1247 Quam
1367 1193 1627 1238 sententiam

235 1270 553 1316 uberrimarum
575 1268 874 1313 doctrinarum
910 1265 1095 1311 oraculis
1118 1266 1303 1320 editam,
1327 1272 1627 1324 remotamque

233 1341 481 1401 longissime
503 1340 559 1384 ab
580 1338 808 1384 intellectu
830 1337 1116 1398 profanorum
1131 1371 1143 1392 ,
1168 1351 1213 1380 se
1234 1334 1628 1379 demonstraturam

232 1413 344 1459 veris
380 1410 645 1457 amatoribus
678 1409 791 1465 suis,
818 1408 875 1453 ad
910 1423 1043 1469 quam
1081 1416 1123 1451 te
1147 1407 1311 1462 invito,
1353 1405 1629 1466 philosophia

234 1484 480 1546 pollicetur.
502 1481 798 1537 Quamobrem
817 1495 918 1525 cum
937 1480 1017 1523 tibi
1041 1488 1117 1523 tuo
1131 1479 1277 1523 animo
1294 1478 1472 1536 indigna
1488 1477 1629 1521 multa

234 1555 460 1610 accidunt,
487 1570 542 1598 ne
564 1563 606 1598 te
626 1554 716 1613 ipse
739 1561 1010 1597 contemnas.
1035 1552 1146 1595 Nam
1168 1549 1202 1593 si
1225 1548 1370 1593 divina
1392 1547 1630 1608 providen-

235 1629 292 1673 tia
311 1624 585 1687 pertenditur
604 1638 744 1684 usque
764 1621 820 1667 ad
849 1637 927 1666 nos
941 1657 952 1677 ‚
989 1619 1111 1681 quod
1132 1620 1312 1664 minime
1332 1619 1629 1663 dubitandum

235 1708 324 1754 est,
346 1697 455 1742 mihi
484 1693 635 1750 crede,
667 1694 727 1738 sic
755 1702 901 1738 tecum
936 1692 1005 1751 agi
1037 1699 1211 1751 oportet
1243 1699 1292 1734 ut
1324 1690 1481 1749 agitur.
1519 1692 1630 1735 Nam

236 1784 337 1814 011111
374 1775 517 1821 131113,
554 1773 765 1825 quantam
802 1778 972 1822 semper
1008 1760 1220 1816 admiror,
1256 1759 1404 1804 indole
1436 1770 1536 1816 tua,
1573 1759 1630 1803 ab

237 1840 417 1885 ineunte
442 1835 732 1882 adolescentia
766 1834 911 1878 adhuc
947 1832 1122 1876 infirmo
1156 1829 1334 1875 rationis
1367 1839 1499 1891 atque
1532 1830 1630 1890 lap-

237 1919 360 1956 sante
381 1907 565 1967 vestigio
586 1907 826 1951 humanam
860 1904 994 1947 vitam
1018 1917 1214 1946 errorum
1245 1901 1443 1945 omnium
1464 1900 1630 1959 plenis-

238 1982 391 2028 simam
408 1977 713 2039 ingredereris,
741 1975 910 2035 excepit
929 1984 969 2019 10
987 1972 1335 2019 circumfluentia
1356 1972 1604 2017 divitiarum
1616 2008 1628 2027 ‚

239 2069 338 2115 quae
359 2051 480 2096 illam
501 2058 675 2094 aetatem
692 2056 823 2108 atque
846 2046 1042 2090 animum
1064 2060 1164 2105 quae
1180 2044 1365 2104 pulchra
1385 2053 1429 2088 et
1450 2044 1633 2088 honesta

239 2123 506 2168 videbantur
528 2119 653 2166 avide
675 2126 930 2179 sequentem
945 2151 956 2172 ,
980 2115 1245 2161 illecebrosis
1265 2124 1457 2175 coeperat
1478 2114 1631 2159 absor-

240 2195 344 2240 bere
367 2192 611 2254 gurgitibus
626 2226 637 2246 ‚
662 2190 743 2234 nisi
765 2188 868 2234 inde
889 2198 934 2233 te
957 2186 1146 2232 fortunae
1169 2185 1232 2231 1111
1254 2186 1382 2231 flatus
1396 2221 1410 2242 ,
1446 2186 1523 2247 qui
1544 2201 1631 2246 pu-

244 2275 392 2312 tantur
414 2264 608 2319 adversi,
635 2261 895 2322 eripuissent
916 2275 1027 2320 pene
1049 2267 1333 2318 mergentem.

304 2340 362 2381 ΙΙ.
389 2340 458 2381 An
488 2350 592 2379 vero
614 2333 648 2379 si
670 2332 873 2377 edentem
896 2340 938 2376 te
968 2346 1149 2375 munera
1163 2332 1439 2388 (1)ursorum
1460 2338 1504 2374 et
1522 2345 1632 2374 nun-

244 2422 377 2470 quam
394 2406 455 2451 ibi
478 2414 604 2450 antea
620 2403 711 2448 visa
728 2401 973 2463 spectacula
1005 2401 1172 2446 civibus
1194 2400 1371 2456 nostris,
1396 2400 1632 2445 theatricus

245 2478 421 2540 plausus
453 2491 622 2537 semper
662 2474 977 2535 prosperrimus
1024 2473 1282 2533 accepiSset3
1321 2472 1355 2516 si
1398 2470 1632 2517 stultorum

245 2549 475 2595 hominum
493 2583 504 2603 ,
529 2561 718 2608 quorum
742 2545 951 2590 immensa
975 2543 1103 2589 turba
1128 2552 1212 2598 est,
1237 2542 1434 2589 conflatis
1456 2550 1500 2588 et
1522 2557 1630 2587 con-
1689 2585 1691 2587 .
