1888 3168
356 207 438 244 558
788 213 822 242 s.
858 213 1087 242 Accusrnvi
1119 213 1303 242 EPISCOPl

354 279 462 324 nihil
494 279 712 334 invenies,
750 278 871 339 quod
904 294 982 339 per
1013 295 1088 324 sua
1111 279 1232 339 signa
1254 279 1458 325 discatur.
1486 282 1599 326 Cum
1620 283 1736 326 enim

355 350 460 394 mihi
494 350 664 408 signum
696 348 852 405 datur,
888 350 923 394 si
955 350 1219 394 nescientem
1249 366 1318 395 me
1339 351 1505 396 invenit
1531 352 1656 412 cujus
1676 353 1739 398 rei

351 422 522 479 signum
543 420 623 476 sit,
660 419 816 465 docere
854 436 923 464 me
961 419 1072 464 nihil
1103 430 1247 481 potest
1279 441 1288 467 2
1313 422 1347 466 si
1368 437 1471 467 vero
1500 422 1734 479 scientem,

350 491 460 553 quid
481 491 599 537 disco
621 507 699 552 per
720 492 924 552 signum?
946 493 1044 538 Non
1066 491 1183 536 enim
1204 492 1312 537 mihi
1338 508 1431 537 rem
1453 508 1587 554 quam
1609 493 1740 552 signi-

352 564 454 608 ficat
489 563 678 608 ostendit
698 563 882 608 verbum
916 578 1017 607 cum
1053 561 1177 622 lego,
1207 582 1227 605 «
1249 565 1306 621 Et
1327 563 1551 608 saraballae
1579 566 1645 624 (7)
1669 579 1740 610 eo-

357 652 377 676 »
413 649 511 678 rum
537 650 628 679 11011
653 644 754 679 511111
771 637 1010 678 immutatae
1025 636 1054 677 ¹.
1084 651 1104 674 »
1129 636 1238 679 Nam
1260 634 1294 678 si
1316 633 1519 695 quaedam
1543 635 1737 701 capitum

354 707 543 766 tegmina
562 715 875 766 nuncupantur
897 706 981 750 1100
1003 706 1202 761 nomine,
1228 721 1334 750 num
1351 722 1431 766 ego
1452 707 1536 752 1100
1558 705 1735 762 audito,

354 786 428 822 aut
450 778 557 838 quid
579 778 633 822 sit
655 786 800 838 caput,
816 786 891 821 aut
913 776 1022 838 quid
1043 776 1128 821 sint
1150 777 1341 835 tegmina
1358 777 1516 822 didici?
1533 781 1647 823 Ante
1660 778 1740 822 ista

354 865 586 907 noveram,
611 863 754 909 neque
776 864 877 892 cum
899 848 1222 909 appellarentur
1253 849 1309 893 ab
1342 849 1455 906 aliis,
1482 849 1558 894 sed
1587 864 1690 894 cum
1717 864 1741 893 a

354 935 425 964 me
441 920 716 976 viderentur,
737 935 887 964 eorum
911 929 974 964 est
993 919 1100 964 mihi
1122 919 1235 965 sacta
1253 919 1421 965 notitia.
1442 920 1618 965 Etenim
1639 934 1742 964 cum

353 993 544 1051 primum
576 991 669 1036 istae
707 990 807 1035 duae
835 991 1016 1049 syllabae
1053 1007 1153 1036 cum
1191 990 1400 1048 dicimus,
1427 1001 1583 1051 caput,
1619 1005 1742 1036 aures

354 1078 471 1107 meas
492 1061 763 1122 impulerunt
778 1099 788 1119 ,
813 1072 902 1106 tam
924 1062 1086 1107 nescivi
1123 1062 1231 1123 quid
1264 1064 1584 1123 significarent,
1609 1077 1743 1124 quam

353 1150 454 1178 cum
477 1134 617 1194 primo
639 1133 835 1178 audirem
856 1133 1115 1193 legeremve,
1132 1133 1378 1179 saraballas.
1407 1133 1491 1180 Sed
1512 1149 1613 1178 cum
1630 1148 1743 1193 saepe

353 1205 594 1261 (liceretur,
633 1214 765 1266 caput
781 1241 791 1261 ,
835 1214 990 1250 notans
1028 1214 1158 1266 atque
1190 1204 1536 1249 animadvertens
1563 1204 1743 1264 quando

354 1275 593 1332 diceretur,
636 1277 775 1337 reperi
803 1275 1070 1321 vocabulum
1097 1292 1186 1321 esse
1220 1276 1281 1320 rei
1309 1292 1408 1337 quae
1428 1275 1536 1319 mihi
1565 1284 1657 1319 erat
1677 1273 1743 1319 vi-

353 1347 499 1392 dendo
537 1348 774 1392 notissima.
800 1347 930 1401 Quod
951 1348 1068 1408 prius
1090 1363 1223 1408 quam
1253 1347 1506 1407 reperissem
1522 1382 1533 1403 ,
1568 1355 1743 1391 tantum

351 1419 457 1462 mihi
489 1434 620 1463 sonus
654 1428 745 1463 erat
778 1419 861 1463 hoc
893 1419 1079 1463 verbum
1105 1438 1113 1463 :
1140 1420 1314 1478 signum
1340 1433 1445 1463 vero
1472 1433 1562 1463 esse
1584 1416 1738 1472 didici,

350 1490 529 1549 quando
549 1490 616 1549 cuj
626 1505 672 1533 us
693 1489 753 1532 rei
775 1489 945 1547 signum
967 1499 1078 1533 esset
1105 1489 1276 1547 inveni3
1302 1504 1435 1549 quam
1468 1488 1648 1549 quidem
1671 1492 1743 1543 (ut

350 1558 464 1618 dixi)
502 1575 593 1604 non
632 1559 902 1617 significatu,
956 1558 1032 1603 sed
1068 1569 1246 1619 aspectu
1281 1559 1535 1603 didiceram.
1583 1562 1739 1619 Itaque

349 1631 485 1691 magis
515 1632 710 1691 signum,
736 1647 782 1676 re
805 1632 1003 1691 cognita,
1025 1647 1155 1692 quam
1185 1631 1308 1691 signo
1326 1630 1428 1677 dato
1448 1631 1537 1691 ipsa
1561 1645 1626 1676 res
1650 1630 1741 1675 dis-

351 1703 480 1748 citur.

408 1776 614 1818 XXXIV.
637 1773 767 1828 Quod
780 1782 831 1818 ut
845 1775 1033 1834 apertius
1055 1772 1295 1832 intelligas,
1315 1774 1432 1833 finge
1451 1789 1530 1819 nos
1550 1773 1742 1834 primum

350 1862 468 1890 nunc
490 1844 642 1890 audire
664 1844 784 1906 quod
800 1845 976 1900 dicitur,
996 1854 1150 1905 caput,
1175 1854 1218 1889 et
1232 1846 1471 1889 nescientes
1492 1854 1641 1889 utrum
1657 1860 1741 1889 vox

348 1917 429 1961 ista
451 1917 506 1961 sit
527 1916 833 1961 tantummodo
856 1932 1039 1972 sonans,
1065 1932 1120 1960 311
1143 1914 1310 1976 aliquid
1326 1916 1456 1960 etiam
1473 1915 1736 1975 significans,

348 2005 545 2050 quaerere
567 1989 677 2049 quid
694 1988 748 2033 sit
774 1997 905 2048 caput
922 1991 1167 2047 (memento
1191 2004 1270 2032 nos
1291 2004 1382 2032 non
1403 1988 1465 2032 rei
1486 2004 1586 2049 quae
1606 1987 1740 2047 signi-

348 2062 518 2116 ficatur,
540 2061 616 2105 sed
643 2061 775 2120 ipsius
808 2059 918 2118 signi
939 2058 1051 2104 velle
1072 2059 1236 2103 hahere
1258 2059 1458 2104 notitiam
1473 2095 1484 2113 ,
1505 2075 1592 2120 qua
1616 2073 1739 2103 care-

346 2147 444 2177 mus
473 2132 670 2193 profecto
696 2131 893 2193 quandiu
921 2132 1044 2192 cujus
1066 2131 1240 2190 signum
1274 2139 1338 2175 est
1359 2131 1609 2188 ignoramus
1631 2131 1675 2188 ε)
1705 2129 1740 2174 51

348 2219 452 2264 ergo
483 2205 543 2248 ita
565 2204 864 2265 quaerentibus
893 2218 959 2247 res
987 2203 1079 2263 ipsa
1116 2201 1255 2261 digito
1287 2201 1634 2260 demonstretur,
1658 2200 1740 2245 hac

347 2286 579 2337 conspecta
622 2276 827 2322 discimus
860 2277 1033 2335 signum
1066 2275 1188 2336 quod
1225 2273 1499 2319 audieramus
1541 2283 1735 2329 tantum,

347 2348 546 2393 nondum
565 2364 838 2394 noveramus.
867 2350 919 2391 In
942 2362 1031 2407 quo
1055 2355 1203 2391 tamen
1236 2347 1360 2406 signo
1384 2362 1486 2391 cum
1515 2344 1605 2390 duo
1627 2345 1734 2399 sint,

347 2437 476 2467 sonus
499 2432 542 2466 et
564 2421 840 2481 significatio,
866 2435 1022 2464 sonum
1039 2428 1156 2464 certe
1178 2434 1270 2464 non
1290 2434 1368 2479 per
1391 2418 1565 2478 signum
1593 2415 1736 2477 perci-

348 2494 512 2555 pimus,
553 2494 628 2539 sed
650 2510 701 2539 00
722 2494 814 2554 ipso
847 2508 949 2539 aure
978 2491 1146 2554 pulsata
1167 2508 1179 2546 3
1202 2490 1564 2550 significationem
1588 2497 1736 2535 autem

396 2589 404 2605 ¹
428 2581 653 2624 Dan.111‚9‘{,
