1852 3163
623 175 752 205 mum
783 175 839 204 DE
867 170 1006 204 ΒΕΑΤΑ
1037 174 1149 205 vin.
1483 167 1569 207 123

176 250 334 297 tatem,
365 250 441 286 aut
461 255 564 285 eum
591 240 670 302 qui
698 241 853 287 beatus
873 257 965 287 non
987 242 1042 287 sit
1062 258 1153 287 esse
1174 244 1441 304 sapientem:
1465 260 1569 290 nam

175 314 242 359 his
259 313 401 359 tribus
423 312 547 374 quasi
571 311 723 369 melle,
747 311 884 370 farre,
919 323 1052 375 atque
1084 315 1272 371 nucleis,
1306 315 1419 361 illud
1448 317 1569 378 quod

175 386 335 430 metuis
359 393 559 445 gustare,
585 382 837 430 confectum
869 395 946 430 est.
970 385 1152 443 Ille-ne,
1178 387 1345 448 inquit,
1361 388 1464 433 huic
1480 397 1572 433 tam

176 472 322 518 parvae
342 471 584 518 puerorum
613 455 833 502 illecebrae
854 457 1048 514 cederet,
1070 457 1433 503 Academicorum
1450 468 1573 505 tanta

176 529 378 574 ubertate
395 527 582 584 deserta,
594 543 682 589 qua
698 527 942 574 inundante
959 529 1044 575 hoc
1058 529 1204 574 nescio
1217 529 1328 591 quid
1346 530 1479 576 breve
1498 540 1575 577 aut

176 601 403 656 obruetur,
429 608 505 644 aut
526 600 834 660 pertrahetur?
856 598 989 656 Quasi
1005 617 1131 658 vero,
1157 601 1340 662 inquam
1356 637 1367 658 ,
1386 601 1574 661 longum

176 670 344 732 aliquid
376 686 456 716 nos
494 686 768 733 quaeramus,
813 673 1055 733 praesertim
1093 671 1300 718 adversus
1333 671 1572 733 Alypium:

175 759 279 789 nam
300 759 393 789 non
413 743 691 789 mediocriter
718 759 853 805 parva
869 744 952 790 ista
973 760 1063 789 esse
1080 744 1210 790 sortia
1231 753 1276 789 et
1305 743 1452 797 utilia,
1475 744 1575 789 satis

174 816 258 861 sibi
283 816 376 877 ipse
397 815 453 861 de
473 832 553 861 suo
577 832 761 877 corpore
789 826 1184 878 argumentaretur.
1227 820 1294 862 Tu
1315 825 1480 872 autern,
1500 816 1577 877 qui

175 888 340 948 elegisti
362 887 418 934 de
440 889 630 934 absentis
651 890 910 935 auctoritate
926 889 1142 951 pendere,
1165 889 1274 952 quid
1306 905 1465 934 aurum
1484 905 1577 934 non

174 959 364 1020 probas?
382 962 541 1005 Utrum
561 961 741 1006 beatum
770 978 862 1007 non
883 977 990 1018 esse,
1016 962 1094 1023 qui
1116 962 1241 1023 quod
1256 961 1354 1007 vult
1381 977 1472 1006 non
1492 961 1577 1005 ha-

175 1032 281 1077 bet?
320 1035 392 1077 An
425 1031 524 1077 illos
560 1048 693 1093 negas
716 1033 830 1078 velle
866 1034 1030 1079 habere
1062 1034 1289 1079 inventam
1320 1034 1574 1089 veritatem,

174 1119 309 1165 quam
333 1104 617 1149 vehementer
643 1105 908 1165 inquirunt?
940 1108 1011 1150 An
1032 1104 1208 1150 videtur
1230 1104 1311 1149 tibi
1343 1105 1578 1166 quisquam

174 1175 344 1236 sapiens
361 1190 452 1219 non
474 1175 658 1219 beatus?
681 1178 862 1220 Prorsus
882 1175 1036 1220 beatus
1059 1185 1148 1232 est,
1169 1177 1315 1237 inquit
1330 1212 1341 1233 ⁷
1361 1177 1437 1237 qui
1456 1174 1579 1237 quod

173 1246 272 1293 vult
293 1246 536 1292 nonhabet
552 1282 563 1302 ,
595 1247 718 1307 quasi
748 1249 1072 1293 stomachanter
1094 1249 1304 1293 arridens.
1326 1247 1457 1301 Quod
1475 1264 1577 1293 cum

172 1320 377 1382 juberem
398 1328 450 1363 ut
487 1319 779 1363 scriberetur?
815 1322 913 1364 Non
953 1319 1063 1376 dixi,
1106 1320 1277 1381 inquit,
1311 1319 1575 1366 exclamans.

177 1391 308 1445 Quod
338 1392 444 1435 item
474 1406 577 1435 cum
609 1405 850 1434 annuerem
876 1392 1020 1436 scribi.
1057 1392 1179 1448 Dixi,
1222 1393 1385 1453 inquit.
1429 1396 1579 1454 Atque

176 1478 256 1522 ego
278 1462 410 1507 semel
422 1477 733 1522 praeceperam,
754 1471 805 1506 ut
825 1462 1001 1508 nullum
1018 1465 1208 1509 verbum
1229 1474 1390 1524 praeter
1411 1465 1578 1510 litteras

177 1533 452 1580 funderetur.
490 1537 556 1578 Ita
588 1533 910 1579 adolescentem
947 1536 1064 1580 inter
1100 1536 1411 1581 verecundiam
1444 1546 1578 1599 atque

178 1608 470 1654 constantiam
492 1607 760 1667 exagitatum
787 1607 1010 1652 tenebam.

524 1829 886 1891 Disputatiom‘s
901 1828 1075 1890 prz'moe
1091 1830 1231 1893 finis.

237 1958 360 2001 XVI.
388 1956 474 2003 SED
493 1970 596 2000 cum
621 1955 689 1999 his
721 1953 867 2000 verbis
895 1969 995 1999 eum
1015 1955 1211 2016 jocantes
1225 1990 1236 2012 ,
1257 1956 1381 2017 quasi
1399 1955 1455 2001 ad
1475 1971 1578 2002 ves-

180 2027 364 2073 cendam
410 2025 673 2088 particulam
709 2042 834 2071 suam
874 2042 1214 2087 provocaremus
1232 2063 1243 2084 ,
1290 2028 1579 2073 animadverti

182 2110 360 2145 caeteros
391 2100 453 2144 rei
473 2099 607 2144 totius
629 2099 825 2157 ignaroe,
861 2098 938 2143 sed
959 2099 1067 2144 scire
1089 2100 1315 2160 cupientes
1337 2099 1445 2161 quid
1465 2100 1579 2146 inter

181 2188 260 2217 nos
293 2171 406 2216 solos
437 2180 528 2215 tam
559 2170 755 2231 jocunde
788 2179 1009 2228 ageretur,
1046 2171 1137 2215 sine
1171 2171 1259 2216 risu
1286 2188 1365 2216 nos
1396 2171 1573 2217 intueri.

182 2243 268 2299 Qui
288 2243 397 2287 mihi
418 2258 594 2304 prorsus
624 2240 782 2287 similes
804 2241 886 2287 visi
909 2252 1036 2299 sunt,
1059 2242 1181 2303 quod
1198 2241 1467 2304 plerumque,
1483 2243 1578 2287 fieri

182 2314 317 2370 solet,
341 2314 392 2358 iis
413 2315 614 2375 quicum
645 2313 882 2375 epulantur
913 2314 1026 2358 inter
1055 2314 1321 2359 avidissimos
1350 2315 1577 2375 rapacissi-

180 2401 364 2447 mosque
386 2387 612 2442 convivas,
639 2402 661 2431 a
683 2384 893 2446 rapiendo
909 2385 979 2431 vel
1001 2386 1212 2445 gravitate
1228 2401 1319 2430 sese
1335 2386 1575 2442 abstinent,

182 2458 252 2504 vel
272 2457 442 2519 pudore
463 2467 698 2504 terrentur.
723 2462 781 2503 Et
799 2458 902 2519 quia
922 2473 1001 2517 ego
1032 2458 1317 2503 invitaveram
1331 2494 1342 2514 ,
1367 2468 1412 2502 et
1431 2458 1579 2516 magni

184 2529 414 2593 cujusdam
433 2530 623 2577 hominis
651 2546 909 2593 personam,
933 2539 1067 2590 atque
1085 2539 1136 2575 ut
1156 2539 1301 2575 totum
1337 2528 1575 2590 explicem,
