1852 3163
234 204 316 244 150
665 215 698 244 s.
736 215 970 247 A17GUST1N1
1003 219 1187 247 EPISCOPI

230 282 375 340 inepte
397 279 569 327 vellem.
594 284 704 326 Tum
726 281 813 326 ille.
841 285 1027 342 Egomet
1049 299 1145 327 meo
1167 284 1329 330 indicio
1350 285 1480 331 miser
1496 287 1618 348 quasi

229 365 372 407 sorex,
399 352 564 413 inquit,
592 369 682 397 non
714 352 881 397 dictum
915 362 979 398 est
1010 355 1282 400 commodius
1315 355 1434 416 apud
1458 359 1620 403 Teren·-

228 425 340 468 tium
359 439 491 485 quam
513 441 632 470 nunc
656 425 741 469 dici
763 440 787 469 a
808 439 878 469 me
900 424 954 469 de
976 440 1047 470 1110
1063 429 1228 486 potest¹
1249 447 1258 472 ε
1284 427 1360 473 sed
1381 444 1483 474 sane
1511 428 1623 476 illud

229 495 435 541 ultimum
468 495 648 541 fortasse
681 497 726 540 in
747 496 1014 541 contrarium
1042 507 1250 542 vertetur.
1274 501 1405 554 Quod
1427 500 1543 545 enim
1564 501 1623 547 ait

228 567 325 625 ille,
355 568 486 613 hodie
508 568 644 629 perii,
676 583 757 628 ego
788 569 920 614 hodie
953 567 1066 614 forte
1086 570 1296 615 inveniar.
1322 574 1433 617 Nam
1470 573 1505 618 si
1532 589 1623 618 non

230 638 506 684 contemnitis
538 640 660 700 quod
693 640 979 700 superstitiosi
1001 640 1143 685 solent
1170 641 1300 686 etiam
1329 643 1385 687 de
1423 644 1622 688 muribus

232 712 458 770 augurari,
476 712 509 756 si
527 727 606 770 ego
628 711 754 756 illum
775 728 945 757 murem
957 712 1027 758 vel
1050 713 1231 758 soricem
1244 750 1255 770 ⁷
1275 715 1352 776 qui
1374 731 1444 759 me
1465 715 1546 760 tibi
1563 716 1624 761 vi-

234 783 442 842 gilantem
470 783 649 841 detulit,
677 786 861 845 strepitu
878 800 977 829 meo
1009 786 1283 842 commonui,
1315 786 1349 831 si
1377 786 1484 848 quid
1515 787 1626 847 sapit

230 855 371 899 redire
403 857 449 900 in
470 856 615 901 cubile
643 872 770 901 suum
784 892 793 910 ,
815 873 1051 919 secumque
1084 858 1412 919 conquiescere,
1434 875 1512 904 cur
1532 875 1623 903 non

231 942 312 985 ego
336 927 425 986 ipse
448 927 529 972 isto
554 928 737 988 strepitu
757 929 875 974 vocis
903 938 991 973 tuae
1021 944 1299 974 commonear
1328 929 1626 989 philosophari

231 999 377 1059 potius
398 1015 530 1059 quam
553 1003 753 1045 cantare?
775 1004 884 1047 Nam
917 1001 990 1046 illa
1021 1011 1109 1057 est,
1135 1011 1185 1045 ut
1201 1002 1281 1046 tibi
1304 1000 1500 1063 quotidie
1521 1017 1626 1061 pro-

233 1070 356 1115 banti
380 1071 468 1131 jam
494 1072 609 1131 coepi
630 1073 827 1128 credere,
853 1089 954 1118 vcra
977 1082 1020 1117 et
1041 1074 1300 1118 inconcussa
1326 1083 1473 1118 nostra
1495 1073 1625 1117 habi-

233 1143 354 1187 tatio.
376 1145 520 1195 Quare
540 1144 573 1186 si
590 1143 671 1187 tibi
683 1144 917 1187 molestum
936 1160 1024 1187 non
1040 1153 1103 1188 est
1116 1179 1126 1199 ,
1149 1153 1280 1205 atque
1294 1145 1340 1188 id
1356 1145 1450 1188 fieri
1467 1145 1627 1189 debere

234 1215 475 1270 arbitraris,
501 1230 603 1274 roga
621 1215 743 1277 quod
759 1215 821 1260 vis
836 1251 846 1271 ‚
872 1214 1107 1260 defendam
1125 1226 1341 1277 quantum
1361 1232 1536 1277 possum
1557 1232 1629 1261 or-

235 1287 382 1331 dinem
398 1302 543 1331 rerum
555 1321 566 1343 ,
586 1286 784 1348 nihilque
800 1296 959 1347 praeter
971 1286 1168 1331 ordinem
1179 1289 1270 1332 fieri
1285 1303 1408 1348 posse
1425 1304 1624 1334 asseram.

237 1361 425 1403 Tantum
443 1359 560 1402 enim
583 1374 685 1402 eum
708 1360 851 1402 animo
881 1359 1038 1402 imbibi
1057 1370 1189 1420 atque
1220 1361 1366 1417 hausi,
1391 1370 1442 1405 ut
1462 1360 1629 1405 etiamsi

233 1445 305 1474 1110
342 1430 574 1491 quisquam
605 1430 651 1475 in
681 1429 764 1474 hac
793 1429 1087 1489 disputatione
1109 1432 1344 1491 superarit,
1385 1433 1515 1475 ctiam
1543 1432 1628 1476 hoc

235 1502 347 1548 nulli
368 1502 622 1559 temeritati,
647 1501 722 1546 sed
749 1518 894 1547 rerum
918 1502 1060 1547 ordini
1091 1503 1297 1549 tribuam.
1333 1505 1485 1565 Neque
1513 1503 1630 1548 enim

239 1589 305 1619 res
327 1575 441 1635 ipsa,
467 1574 544 1619 sed
561 1574 781 1620 Licentius
802 1575 1096 1635 superabitur.

240 1733 1634 1755 ΜἏῚΜΜΙἏΊΜΜΜΜΛΜΑΚᾹΜΜΜΝΊΜΝΑΜΛΑΜΛΜΑΜΜΜΑΛΜΜΜΜΜΜΜ

759 1868 977 1919 CAPUT
1015 1871 1104 1919 IV.

515 2014 663 2065 Nihil
691 2016 886 2062 omnino
916 2017 1020 2061 sine
1051 2031 1205 2061 causa
1232 2015 1354 2078 fieri.

303 2151 359 2196 X.
395 2151 489 2195 Eoo
511 2162 683 2193 rursum
703 2145 895 2206 gaudens
917 2146 976 2190 eis
992 2159 1064 2189 1110
1076 2143 1258 2189 restitui.
1278 2145 1390 2188 Tum
1404 2141 1632 2202 Trygetio:

243 2220 384 2277 Quid,
410 2221 611 2281 inquam,
644 2219 725 2264 tibi
747 2216 950 2263 videtur?
979 2220 1122 2261 Faveo
1144 2214 1345 2276 quidem,
1365 2214 1536 2275 inquit,
1562 2230 1636 2259 or-

243 2293 334 2338 dini
363 2293 625 2353 plurimum,
650 2289 725 2335 sed
750 2289 940 2334 incertus
961 2303 1057 2334 sum
1091 2297 1261 2342 tamen,
1280 2296 1324 2331 et
1352 2302 1444 2331 rem
1467 2295 1636 2330 tantam

242 2363 567 2422 diligentissime
581 2362 735 2406 discuti
750 2361 893 2421 cupio.
919 2363 951 2404 F
958 2374 1156 2414 avorem,
1180 2358 1383 2418 inquam,
1409 2366 1533 2401 tuum
1561 2354 1636 2399 illa

246 2451 347 2495 ergo
369 2452 467 2496 pars
488 2436 669 2479 babeat:
695 2450 795 2477 nam
824 2434 944 2494 quod
973 2433 1162 2477 incertus
1191 2445 1234 2474 cs
1250 2466 1260 2486 ‚
1287 2430 1415 2474 etiam
1437 2443 1538 2473 cum
1561 2427 1635 2472 Li-

248 2507 392 2553 centio
415 2522 463 2551 ac
493 2522 562 2550 nie
586 2506 677 2565 ipso
700 2505 779 2548 tibi
815 2514 921 2565 puto
944 2519 1032 2548 csse
1069 2518 1315 2548 commune.
1354 2505 1553 2555 Prorsus,
1579 2506 1638 2543 ait

298 2599 306 2617 ¹
333 2595 369 2626 In
394 2591 659 2625 Eunucl1.act.v.
681 2600 764 2622 scon.
782 2590 815 2620 (ἱ.
