1888 3168
336 146 421 185 370
768 161 801 186 s.
838 158 1067 189 Aucus'nm
1100 162 1280 189 2121500121

331 225 649 280 nominabitur,
676 226 842 271 habens
861 227 929 272 vel
957 228 1127 287 viginti,
1148 228 1218 272 vel
1240 229 1434 288 triginta,
1450 230 1520 275 vel
1545 240 1728 276 centum

327 296 480 351 etiam,
501 296 590 340 sive
603 295 789 357 amplius
801 297 954 358 pedes,
978 308 1027 342 ut
1047 298 1237 343 voluerit
1255 315 1304 343 ac-
1324 300 1602 360 potueritille
1615 336 1627 357 ,
1648 302 1726 362 qui

327 382 399 412 eos
418 365 663 428 quamlibet
682 366 811 427 longa
829 369 1126 429 perpetuitate
1140 367 1360 414 contexit?
1377 373 1430 414 D.
1449 372 1547 416 Non
1560 371 1619 415 ita
1636 380 1723 415 est:

324 453 469 499 neque
491 438 608 483 enim
629 448 704 483 aut
725 439 800 483 ubi
815 439 948 499 pedes
966 439 1189 501 quoslibet
1205 441 1478 502 quibuslibet
1490 440 1724 501 permixtos

324 508 692 566 animadvertero,
725 519 802 554 aut
837 526 914 570 per
952 511 1171 555 infinitam
1204 510 1529 571 longitudinem
1562 510 1725 556 multos

323 596 563 637 connexos,
588 596 764 626 versum
797 581 1055 642 appellabo:
1081 582 1158 628 sed
1185 593 1230 628 et
1257 599 1395 643 genus
1418 593 1462 629 01
1487 594 1724 628 numerum

326 650 490 711 pedum
506 674 517 711 3
537 651 583 696 id
605 662 683 709 est,
701 653 776 714 qui
797 662 840 697 et
856 662 966 714 quot
981 652 1115 713 pedes
1132 659 1309 699 versum
1326 655 1561 699 conficiant
1576 653 1723 715 aliqua

323 721 550 784 disciplina
569 724 801 785 consequi,
818 733 862 769 et
884 739 935 769 ex
948 740 996 769 ea
1004 724 1201 786 judicare
1217 735 1387 786 potero,
1402 735 1553 770 utrum
1573 741 1725 771 versus

323 809 447 839 aures
465 811 581 840 meas
596 794 830 855 pepulerit.
848 797 910 840 M.
929 798 986 839 At
999 796 1095 841 haec
1109 811 1403 857 quaecumque
1417 806 1481 841 031
1494 795 1724 857 disciplina

321 865 517 910 versibus
551 865 750 926 regulam
783 874 827 910 et
857 865 1041 911 modum
1072 882 1164 912 non
1186 867 1340 929 utique
1362 877 1413 912 ut
1441 867 1617 912 libitum
1640 876 1720 923 est,

320 936 397 982 sed
421 937 566 999 aliqua
596 938 765 983 ratione
790 938 1036 983 constituit.
1064 942 1116 983 D.
1152 942 1251 985 Non
1279 940 1398 983 enim
1427 938 1567 996 aliter,
1588 939 1725 1000 siqui-

323 1008 424 1053 dem
454 1008 683 1070 disciplina
705 1021 790 1067 est,
820 1021 896 1056 aut
925 1012 1174 1072 oportebat,
1201 1023 1277 1058 aut
1299 1022 1484 1074 poterat.
1510 1016 1571 1058 M.
1599 1015 1723 1057 Hanc

322 1095 425 1139 ergo
448 1081 663 1125 rationem
679 1082 989 1142 investigemus
1003 1093 1047 1128 et
1065 1099 1363 1145 assequamur,
1380 1085 1414 1129 si
1433 1083 1599 1144 placet:
1620 1099 1724 1127 nam

320 1151 355 1195 31
382 1153 687 1197 auctoritatem
721 1152 857 1199 solam
891 1155 1168 1212 intueamur,
1204 1156 1238 1199 is
1271 1157 1352 1200 erit
1382 1172 1553 1212 versus,
1587 1170 1722 1216 quem

322 1238 496 1267 versum
518 1224 604 1268 dici
625 1223 765 1269 voluit
787 1225 1066 1286 Asclepiades
1099 1228 1246 1272 1103010
1278 1227 1353 1288 qui
1364 1263 1380 1283 ,
1411 1237 1486 1271 aut
1519 1225 1724 1271 Archilo-

326 1294 455 1350 chus,
482 1299 623 1354 poetae
651 1294 815 1340 30111001
836 1305 1028 1353 veteres,
1054 1307 1132 1341 aut
1163 1299 1338 1358 Sappho
1361 1298 1548 1358 poetria,
1574 1306 1617 1341 et
1639 1313 1725 1342 cae-

325 1366 426 1422 teri,
445 1382 636 1427 quorum
653 1366 785 1410 etiam
802 1369 1056 1412 nominibus
1079 1385 1289 1414 versuum
1312 1386 1472 1430 genera
1491 1378 1721 1425 vocantur,

321 1455 422 1499 quae
438 1438 569 1498 primi
586 1437 980 1483 animadvertentes
1003 1439 1273 1484 cecinerunt.
1299 1444 1409 1484 Nam
1432 1451 1476 1484 et
1496 1441 1723 1500 Asclepia-

323 1510 443 1554 daeus
472 1526 621 1555 versus
658 1508 843 1565 dicitur,
874 1519 918 1554 et
946 1510 1277 1567 Archilochius,
1304 1519 1348 1555 et
1383 1511 1643 1571 Sapphicus,
1679 1521 1724 1556 et

323 1580 406 1624 alia
430 1589 631 1625 sexcenta
664 1590 895 1625 auctorum
922 1580 1140 1625 voeabula
1164 1581 1305 1625 Graeci
1335 1581 1533 1625 versibus
1563 1580 1724 1626 diversi

323 1653 491 1712 generis
519 1651 792 1698 indiderunt.
827 1655 894 1697 Ex
927 1668 1017 1714 quo
1040 1668 1133 1697 non
1154 1651 1344 1697 absurde
1366 1652 1556 1713 cuipiam
1583 1651 1723 1699 videri

323 1733 467 1784 potest
481 1759 492 1780 ,
517 1723 639 1785 quod
665 1724 700 1768 si
721 1724 820 1785 quis
846 1733 897 1768 ut
917 1723 1037 1769 volet
1060 1722 1194 1784 pedes
1208 1759 1219 1780 ,
1250 1733 1361 1785 quot
1383 1722 1524 1779 volet,
1549 1732 1594 1768 et
1611 1739 1722 1784 quos

322 1794 441 1840 volet
468 1793 756 1851 ordinaverit,
783 1795 888 1856 quia
920 1810 1050 1840 nemo
1079 1803 1181 1839 ante
1205 1795 1349 1855 ipsum
1374 1794 1495 1838 hunc
1520 1794 1721 1839 ordinem

322 1884 371 1912 ac
392 1883 643 1912 mensuram
660 1866 850 1928 pedibus
873 1866 1181 1923 constituerit,
1196 1876 1314 1911 recte
1334 1883 1390 1911 ac·
1396 1868 1496 1927 jure
1517 1866 1721 1912 eonditor

323 1938 426 1983 novi
448 1938 615 1996 generis
639 1954 845 1983 versuum
867 1947 1220 1999 propagatorque
1244 1936 1429 1982 dicetur.
1452 1941 1543 1982 Aut
1572 1937 1606 1982 si
1625 1938 1721 1982 haec

323 2009 499 2054 licentia
519 2008 829 2054 intercluditur
846 2010 1032 2065 homini,
1051 2024 1153 2054 011111
1175 2010 1489 2070 conquestione
1511 2025 1719 2070 quaeren-

324 2081 434 2126 dum
456 2090 520 2125 031
535 2080 642 2142 ([111(1
663 2080 842 2125 tandem
863 2080 926 2125 illi
947 2089 1226 2134 meruerunt,
1252 2079 1286 2125 si
1315 2078 1483 2127 nullam
1506 2080 1721 2124 rationem

324 2153 476 2208 secuti,
503 2152 820 2197 connexionem
841 2151 1007 2212 pedum
1024 2166 1134 2211 quos
1152 2149 1236 2193 illis
1253 2158 1512 2194 connectere
1529 2149 1715 2210 placuit,

323 2239 498 2268 versum
519 2221 742 2283 appellari,
762 2222 1000 2283 haberique
1022 2220 1223 2266 fecerunt
1241 2241 1249 2265 :
1273 2236 1329 2264 an
1351 2220 1432 2265 tibi
1455 2221 1580 2265 aliter
1592 2221 1718 2267 vide—

325 2297 428 2339 tur?
450 2298 502 2340 D.
529 2297 595 2338 Ita
612 2309 714 2339 vero
737 2303 802 2338 est
825 2303 877 2338 ut
898 2292 1022 2349 dieis,
1042 2302 1086 2336 et
1106 2307 1282 2352 prorsus
1303 2293 1529 2349 assentior,
1549 2293 1718 2338 ratione

325 2366 471 2427 potius
493 2381 627 2426 quam
661 2365 918 2410 auctoritate
949 2379 1127 2410 versum
1157 2379 1247 2409 esse
1279 2374 1558 2423 generatum,
1583 2380 1716 2426 quam

324 2446 427 2498 peto
444 2437 713 2498 jamjamque
734 2436 977 2483 videamus.
