1888 3168
338 223 421 261 432
775 232 807 258 5.
846 229 1077 258 Amissum
1110 229 1290 258 EPlSCOPl

337 298 491 342 [ialurz
517 305 648 356 atque
671 295 728 339 ita
751 311 840 340 non
862 296 1035 340 duobus
1052 295 1196 340 minus
1217 294 1357 356 plenis
1377 295 1576 355 pedibus,
1601 298 1722 360 quod

333 385 452 414 1111110
475 368 847 424 demonstramus,
876 367 952 412 sed
974 367 1105 428 pleno
1136 367 1332 413 dichorio
1350 376 1393 412 et
1410 366 1566 413 ultimo
1587 384 1721 429 spon-

332 439 415 485 deo
438 449 624 485 metrum
651 449 850 501 constare
872 438 1095 495 videatur,
1122 437 1261 485 duum
1283 448 1530 500 temporum
1552 439 1722 486 silentio

331 511 377 556 in
400 511 486 555 fine
509 509 752 556 reddendo.

401 584 564 627 XXVI.
603 580 688 627 Sed
715 579 826 625 illud
858 580 1104 625 notandum
1139 589 1230 637 est,
1266 581 1311 626 in
1339 581 1553 643 principio
1583 583 1731 643 posito*

333 653 475 698 minus
508 652 639 714 pleno
661 652 792 713 pedi,
817 661 893 697 aut
929 651 1094 697 ibidem
1124 651 1250 697 reddi
1273 650 1473 698 debitum
1494 668 1571 714 per
1592 652 1724 699 silen-

332 725 442 769 tium
458 759 469 780 ‚
489 724 614 769 sicuti
632 733 717 779 est,
742 721 782 769 J
778 739 861 768 am
882 724 1003 769 satis
1020 723 1160 770 terris
1181 724 1300 770 nivis
1317 733 1462 783 atque
1479 722 1598 771 dirce
1616 742 1628 770 .·
1647 733 1724 770 aut

332 796 377 840 111
394 796 480 840 fine
496 831 507 851 ,
525 795 673 851 velut,
699 793 735 841 S
739 803 897 857 egeles
919 810 1050 840 meus
1073 793 1227 841 labor.
1252 796 1398 841 Minus
1422 805 1568 842 autem
1589 795 1724 857 pleno

332 867 434 929 pedi
455 868 592 929 quiin
607 868 694 912 fine
711 867 906 928 ponitur,
923 877 1000 913 aut
1020 867 1185 912 ibidem
1206 868 1375 913 restitui
1396 867 1583 925 silentio,
1604 868 1725 930 quod

334 939 544 995 debetur,
569 948 618 984 ut
649 939 695 984 in
717 938 815 996 illo,
839 939 918 985 Ite
946 940 1094 1002 igitar
1120 938 1390 987 Camaenoe:
1413 949 1488 985 aut
1504 940 1551 985 in
1576 940 1723 1002 aliquo

333 1011 387 1056 de
409 1010 559 1056 mediis
587 1010 711 1066 loco,
744 1010 881 1055 veluti
904 1011 949 1055 in
975 1012 1059 1056 hoc
1074 1047 1086 1069 ‚
1114 1009 1223 1057 Ver
1240 1009 1472 1057 blandam
1499 1012 1627 1074 vaget
1643 1027 1726 1057 ar-

334 1083 423 1138 vis,
465 1080 604 1127 adest
641 1080 812 1142 hospes
839 1080 1064 1128 Infando.
1092 1085 1239 1128 Unum
1271 1083 1387 1128 enim
1411 1093 1583 1143 tempus
1604 1081 1725 1144 quod

333 1153 519 1198 debetur
541 1153 698 1198 ultimo
722 1153 926 1208 bacchio,
963 1153 1034 1198 vel
1057 1164 1157 1214 post
1178 1163 1321 1200 totum
1351 1170 1586 1199 numerum
1611 1154 1725 1199 sileri

333 1235 467 1285 potest
484 1261 494 1281 ‚
519 1225 589 1270 vel
612 1234 709 1286 post
731 1226 924 1286 primum
956 1227 1049 1287 ejus
1073 1226 1243 1271 numeri
1276 1225 1435 1287 pedem
1463 1225 1721 1282 molossum,

333 1298 402 1343 vel
423 1298 665 1343 secundum
686 1299 879 1344 ionicum
897 1315 920 1344 a
942 1300 1126 1345 minore.
1157 1298 1289 1353 Quod
1310 1316 1413 1345 vero
1436 1299 1588 1345 mediis
1612 1298 1725 1345 forte

332 1368 475 1413 minus
497 1369 634 1430 plenis
656 1370 842 1431 pedibus
858 1369 995 1415 debiti
1018 1379 1081 1417 est
1097 1406 1108 1427 ‚
1129 1370 1302 1416 nonnisi
1318 1370 1484 1416 ibidem
1500 1370 1624 1415 reddi
1645 1386 1726 1431 po-

332 1449 416 1486 test
437 1460 446 1485 2
471 1450 522 1486 ut
543 1450 609 1486 est
625 1477 636 1497 ‚

429 1535 570 1582 Tzcbcc
594 1534 856 1582 terribilem
872 1537 1079 1583 sonitum
1099 1535 1230 1583 dedic
1253 1553 1347 1584 cere
1364 1552 1521 1584 curvo.

335 1633 378 1678 Si
401 1632 518 1677 enim
540 1632 600 1677 sic
622 1632 856 1677 metiamur
876 1633 960 1678 hoc
977 1642 1169 1678 metrum
1185 1667 1196 1688 ,
1227 1641 1278 1677 ut
1298 1633 1491 1693 primum
1517 1631 1726 1677 faciamus

333 1713 625 1765 anapaestum,
669 1703 911 1749 secundum
950 1704 1143 1749 ionicum
1181 1703 1424 1765 quemlibet
1467 1703 1514 1747 in
1549 1701 1726 1761 syllabis

332 1777 550 1838 quinque,
592 1774 733 1820 soluta
762 1775 926 1820 scilicet
957 1774 1087 1834 longa
1119 1774 1191 1821 vel
1224 1775 1364 1836 prima
1392 1775 1462 1821 vel
1499 1774 1653 1819 ultima
1680 1775 1725 1818 111

332 1848 440 1892 duas
463 1847 614 1892 breves
630 1882 641 1902 ‚
675 1846 852 1891 tertium
874 1847 1202 1902 choriambum,
1228 1846 1435 1891 ultimum
1458 1846 1688 1891 bacchium
1712 1865 1721 1891 ε

336 1919 411 1963 tria
430 1927 559 1963 erunt
576 1928 772 1978 tempora
792 1918 838 1961 in
860 1917 1026 1973 debito,
1049 1933 1189 1962 unum
1206 1927 1398 1962 extremo
1420 1917 1602 1962 bacchio
1625 1916 1725 1962 red-

333 1989 552 2045 dendum,
578 1998 622 2033 et
643 1988 732 2034 duo
757 1998 976 2049 anapaesto
998 1989 1139 2049 primo
1156 2023 1167 2044 ‚
1192 1998 1243 2034 ut
1273 2004 1376 2034 sena
1402 1988 1720 2049 compleantur.

335 2061 420 2106 Sed
442 2062 525 2106 hoc
542 2070 686 2106 totum
707 2060 895 2121 spatium
912 2059 1046 2105 trium
1069 2069 1318 2120 temporum
1336 2059 1381 2104 111
1398 2060 1484 2103 fine
1506 2057 1619 2103 sileri
1640 2075 1724 2119 po-

336 2141 430 2177 test.
457 2135 515 2176 At
527 2132 561 2176 si
578 2132 633 2176 ab
655 2131 826 2192 integro
848 2129 961 2191 pede
978 2131 1183 2191 incipias,
1204 2130 1402 2193 quinque
1423 2129 1612 2188 syllabas
1633 2130 1725 2190 pri-

332 2219 423 2247 mas
451 2219 531 2263 pro
561 2202 762 2264 quolibet
792 2203 935 2247 ionico
958 2201 1158 2257 metitus,
1188 2201 1385 2261 sequitur
1414 2200 1721 2245 choriambus:

332 2275 434 2319 inde
450 2276 542 2336 jam
575 2274 732 2336 pedem
754 2275 973 2333 integrum
997 2289 1087 2318 non
1115 2273 1306 2319 invenies
1329 2293 1337 2318 :
1363 2272 1567 2334 quocirca
1594 2273 1723 2317 unius

331 2345 473 2405 longae
493 2346 632 2406 spatio
650 2345 773 2390 silere
792 2345 1012 2406 oportebit
1035 2365 1042 2389 :
1068 2361 1156 2406 quo
1175 2353 1462 2390 annumerato
1475 2379 1486 2400 ‚
1507 2344 1723 2389 choriam-

332 2417 413 2461 bus
445 2417 552 2462 ι11101·
573 2417 855 2477 implebitur3
888 2417 1069 2462 bacchio
1090 2415 1258 2477 reliquo
1286 2426 1476 2462 metrum
1496 2415 1718 2472 clausuro,

332 2489 403 2533 0111
424 2498 594 2548 tempus
616 2504 754 2533 unum
778 2487 978 2533 debitum
1000 2486 1143 2532 silebis
1165 2487 1211 2531 in
1232 2488 1333 2532 fine.

392 2562 578 2604 XXVII.
616 2559 741 2605 Unde
769 2560 859 2620 jam
898 2574 988 2605 esse
1020 2558 1175 2619 opinor
1207 2558 1513 2620 perspicuum,
1546 2573 1649 2604 cum
1675 2556 1720 2601 in
