1888 3168
629 224 681 250 m:
714 222 869 252 McSICA
903 224 985 251 Lm.
1024 226 1088 250 ιιι.
1475 211 1555 252 401

163 374 448 392 Μ’ΜΝΝἋᾹΝἏ
453 373 1560 392 mmmmmmmmmmmwmmmm

659 503 879 559 CAPUT
916 509 1055 558 VIII.

242 652 453 702 Silentia
475 654 524 700 ιή
547 646 711 700 metris
733 663 921 714 quanta
951 650 1179 700 adhiberi
1199 662 1402 713 oportet.
1427 679 1486 689 --

565 725 629 771 M
627 735 781 771 etrum
803 723 935 785 quod
953 723 1160 771 dicatur.

223 863 366 908 XVII.
392 865 453 907 M.
480 865 626 907 RECTE
649 878 813 908 censes.
838 861 923 909 Sed
945 861 1014 907 dic
1047 862 1156 906 mihi
1185 862 1313 907 etiam
1348 871 1566 923 quantum

166 934 357 994 spatium
389 943 517 995 putas
549 936 666 979 esse?
699 937 752 979 D.
783 932 930 980 Metiri
958 934 1043 978 hoc
1069 934 1250 978 omnino
1278 933 1457 978 difficile
1485 943 1562 978 cst.

166 1009 228 1050 M.
247 1008 412 1050 Verum
432 1005 539 1051 dicis
553 1042 563 1062 ,
582 1005 657 1050 sed
679 1022 828 1051 nonne
850 1006 930 1050 tibi
954 1005 1128 1051 videtur
1149 1005 1291 1051 brevis
1309 1005 1382 1050 illa
1400 1005 1568 1064 syllaba

168 1076 214 1121 id
236 1077 401 1133 metiri,
423 1092 554 1137 quam
569 1092 671 1121 cum
690 1076 939 1122 addidimus
954 1113 964 1133 ,
982 1093 1126 1137 neque
1142 1076 1286 1136 longae
1311 1076 1480 1121 ultimae
1500 1076 1570 1121 ul-

167 1157 234 1192 tra
252 1148 430 1194 solitum
450 1148 786 1208 productionem
805 1184 815 1204 ,
844 1164 988 1209 neque
1010 1148 1152 1192 ullum
1175 1147 1399 1193 silentium
1422 1149 1467 1192 in
1481 1149 1571 1209 ejus

164 1220 294 1264 metri
317 1220 578 1280 repetitione
609 1236 759 1265 sensus
797 1219 1084 1265 desideravit?
1106 1224 1158 1264 I).
1197 1220 1390 1265 Omnino
1424 1237 1570 1265 assen-

165 1291 277 1336 tior:
304 1306 405 1335 nain
428 1300 472 1335 et
500 1300 542 1335 te
569 1290 682 1336 illud
715 1291 915 1351 superius
943 1291 1259 1350 pronuntiante
1289 1300 1421 1352 atque
1449 1307 1571 1351 repc-

163 1371 285 1407 tente
301 1398 311 1418 ‚
344 1363 428 1406 hoc
446 1362 662 1421 posterius
681 1378 762 1421 ego
787 1360 906 1421 apud
928 1377 997 1406 me
1018 1362 1110 1421 ipse
1138 1362 1389 1422 repetebam
1409 1363 1571 1422 pariter

164 1441 311 1477 tecum
338 1451 346 1476 :
368 1432 427 1476 ita
452 1432 565 1476 sensi
587 1431 705 1476 idem
723 1432 914 1491 spatium
936 1432 1146 1492 temporis
1169 1432 1386 1477 ambobus
1413 1448 1569 1477 occur-

164 1519 287 1559 rere,
331 1517 433 1548 cum
478 1501 651 1547 silentio
683 1511 762 1547 tuo
799 1503 942 1547 brevis
973 1519 1070 1548 mea
1107 1502 1265 1547 ultima
1294 1504 1566 1549 conveniret.

162 1579 224 1621 M.
249 1578 414 1620 Teneas
436 1574 571 1634 igitur
602 1583 776 1635 oportet
797 1575 892 1619 haec
923 1574 1196 1620 silentiorum
1220 1576 1357 1636 spatia
1381 1585 1498 1621 certa
1526 1577 1573 1620 in

163 1646 312 1691 metris
330 1661 437 1691 esse.
454 1648 599 1700 Quare
616 1661 719 1691 cum
741 1645 958 1691 inveneris
983 1645 1150 1707 aliquid
1162 1642 1321 1691 deesse
1342 1646 1445 1707 pedi
1463 1648 1573 1707 Iegi-

164 1718 273 1762 timo
287 1753 298 1773 ‚
341 1715 617 1762 considerare
650 1725 694 1761 te
732 1716 953 1776 oportebit
970 1752 980 1772 ‚
1021 1726 1172 1761 utrum
1205 1717 1403 1762 dimenso
1439 1728 1572 1779 atque

165 1798 458 1835 annumerato
493 1787 666 1833 silentio
689 1797 1014 1849 compensetur.
1044 1791 1097 1833 D.
1142 1791 1288 1833 Teneo
1312 1790 1404 1849 jam
1427 1790 1565 1847 istud,

163 1876 425 1923 persequere
441 1868 611 1905 caetera.

222 1935 392 1977 XVIII.
427 1934 489 1978 M.
512 1931 654 1977 Video
672 1933 764 1993 jam
785 1948 865 1978 nos
887 1947 1084 1993 quaerere
1101 1931 1264 1977 debere
1281 1933 1417 1992 ipsius
1434 1933 1568 1979 silen-

165 2003 215 2049 tii
250 2003 436 2049 modum
476 2018 703 2064 :namque
724 2004 771 2048 in
797 2004 883 2049 hoc
917 2013 1085 2059 metro,
1112 2003 1190 2048 ubi
1211 2013 1310 2065 post
1347 2006 1569 2051 choriam-

165 2075 275 2120 bum
293 2074 529 2120 bacchium
553 2074 850 2134 comperimus
866 2110 877 2130 ‚
898 2075 1002 2136 quia
1024 2075 1164 2120 unum
1184 2085 1357 2136 tempus
1375 2076 1496 2122 deest
1518 2088 1569 2124 ut

165 2162 237 2191 sex
262 2156 514 2206 temporum
540 2155 654 2190 esset
674 2145 786 2190 sicut
807 2146 1116 2203 choriambus,
1149 2145 1356 2192 facillime
1374 2148 1419 2192 id
1443 2166 1568 2195 aures

165 2227 395 2263 senserunt
409 2253 419 2273 ,
441 2217 547 2262 etin
568 2217 829 2278 repetitione
851 2217 963 2262 tanti
979 2217 1106 2278 spatii
1132 2217 1354 2263 silentium
1372 2219 1568 2282 interpo-

166 2305 270 2334 nere
303 2289 566 2349 coe'gerunt,
593 2298 813 2350 quantum
847 2288 1017 2348 syllaba
1040 2299 1274 2350 occuparet
1305 2290 1448 2336 brevis
1479 2312 1487 2337 z
1524 2303 1569 2338 at

166 2360 200 2405 si
222 2369 322 2421 post
338 2359 644 2405 choriambum
666 2360 836 2406 locetur
857 2359 1093 2420 spondeus,
1112 2359 1202 2406 duo
1223 2360 1350 2406 nobis
1368 2371 1565 2424 tempora

166 2446 268 2477 cum
283 2430 455 2476 silentio
475 2431 724 2491 peragenda
741 2440 845 2477 sunt
862 2430 918 2476 ad
935 2441 1068 2492 caput
1087 2432 1375 2479 redeuntibus
1392 2469 1402 2490 ‚
1424 2434 1565 2480 ¹veluti

165 2503 251 2548 hoe
273 2512 354 2558 est,
388 2503 511 2564 Qme
533 2504 708 2548 canitis
715 2502 931 2566 fontem.
949 2505 1061 2549 Nam
1084 2513 1128 2548 te
1145 2504 1304 2549 sentire
1321 2506 1412 2566 jain
1433 2506 1564 2551 credo

168 2572 388 2620 silendum
410 2590 526 2631 esse,
561 2582 610 2619 ut
633 2590 733 2620 cum
772 2573 963 2620 redimus
996 2573 1051 2619 ad
1075 2584 1233 2635 caput,
1269 2574 1445 2636 plausus
1473 2593 1565 2624 non

354 2658 474 2689 cvm.
1274 2647 1326 2687 26
