1883 3194
288 216 341 256 :38
719 226 752 259 s.
791 228 1023 259 AltGUSTINt
1056 230 1238 259 Emscom

288 294 342 340 ad
371 294 653 356 quaerendam
687 294 915 342 veritatem
938 310 1202 356 magnopere
1228 295 1415 352 hortari,
1455 310 1676 356 coeperam

288 382 339 410 ex
380 364 504 410 vobis
546 381 744 426 quaerere
779 375 996 427 quantum
1029 366 1074 412 in
1113 381 1163 414 ea
1192 366 1401 414 momenti
1440 366 1674 427 poneretis.

286 439 448 483 Omnes
471 445 617 482 autem
647 436 849 496 posuistis
878 446 1074 493 tantum,
1111 447 1163 482 ut
1183 436 1281 501 plus
1304 454 1395 487 non
1417 436 1675 485 desiderem.

285 512 395 554 Nam
419 523 521 554 cum
544 508 663 553 beati
693 523 783 554 esse
807 508 1033 568 cupiamus
1049 543 1061 564 ‚
1108 508 1196 555 sive
1226 507 1273 555 id
1300 509 1394 557 fieri
1419 525 1509 559 non
1537 516 1681 570 potest

285 579 367 624 nisi
414 579 619 635 inventa,
654 579 743 624 sive
773 579 949 625 nonnisi
979 578 1211 644 diligenter
1242 580 1424 640 quaesita
1459 579 1640 627 veritate
1667 598 1676 624 :

285 651 532 715 postpositis
552 649 719 697 caeteris
742 650 948 697 omnibus
967 651 1117 715 rebus,
1135 649 1278 707 nobis,
1293 651 1328 697 si
1348 651 1465 699 beati
1487 666 1577 697 esse
1597 666 1679 698 vo-

284 723 432 767 lumus
448 758 460 778 ,
480 722 773 783 perquirenda
797 731 875 768 est.
902 722 1198 777 Quamobrem
1209 723 1301 786 jam
1324 722 1473 779 istam,
1498 731 1549 768 ut
1565 722 1675 778 dixi,

286 794 626 855 disputationem
639 794 939 856 terminemus,¹
953 803 997 838 et
1010 793 1190 839 relatam
1204 793 1250 838 in
1261 793 1425 843 litteras
1436 793 1676 857 mittamus,

285 866 476 922 Licenti‚
502 865 775 927 potissimum
801 865 913 926 patri
945 875 1044 921 tuo,
1077 866 1199 927 cujus
1228 880 1327 928 erga
1359 864 1681 925 philosophiam

278 938 371 998 jam
402 952 577 999 prorsus
613 937 808 982 animum
839 946 983 983 teneo,
1021 936 1106 983 Sed
1139 936 1284 982 adhuc
1317 953 1416 998 quae
1454 936 1677 992 admittat,

284 1025 436 1070 quaero
459 1007 697 1054 fortunam.
725 1007 906 1054 Incendi
929 1016 1076 1053 autem
1099 1008 1145 1054 in
1164 1009 1259 1055 haec
1279 1007 1421 1054 studia
1442 1008 1680 1053 vehemen-

284 1080 371 1125 tius
392 1080 568 1141 poterit,
592 1095 693 1125 cum
711 1089 754 1125 te
767 1079 910 1141 ipsum
916 1079 1007 1140 jam
1026 1079 1246 1127 intentum
1258 1094 1432 1126 mecum
1445 1078 1504 1125 sic
1518 1078 1677 1134 vivere,

286 1167 377 1197 non
398 1151 620 1196 audiendo
641 1150 783 1196 solum
797 1185 808 1207 ‚
842 1150 1131 1196 verumetiam
1151 1150 1339 1210 legendo
1358 1150 1438 1195 ista
1460 1164 1680 1209 cognove-

286 1223 357 1272 rit.
386 1223 482 1268 Tibi
503 1232 650 1267 autem
668 1222 724 1278 si,
743 1231 794 1266 ut
810 1221 972 1278 sentio,
998 1221 1247 1267 Academici
1274 1220 1471 1282 placent,
1494 1220 1607 1267 vires
1625 1220 1681 1265 ad

286 1310 359 1339 eos
390 1292 691 1339 defendendos
709 1293 939 1339 validiores
956 1309 1083 1353 para3
1099 1308 1202 1338 nam
1218 1291 1316 1338 illos
1334 1307 1413 1351 ego
1436 1307 1531 1337 reos
1548 1291 1681 1337 citare

286 1364 477 1411 decrevi.
502 1368 612 1418 Quae
633 1379 737 1409 cum
759 1373 903 1409 essent
931 1363 1047 1408 dicta
1064 1399 1075 1420 ,
1115 1363 1349 1425 prandium
1369 1372 1570 1425 paratum
1591 1378 1681 1409 esse

286 1436 598 1482 annuntiatum
619 1445 684 1482 est
702 1444 834 1497 atque
845 1434 1121 1483 surreximus.
