<?xml version="1.0" encoding="UTF-8"?>
<!DOCTYPE html PUBLIC "-//W3C//DTD XHTML 1.0 Transitional//EN"
    "http://www.w3.org/TR/xhtml1/DTD/xhtml1-transitional.dtd">
<html xmlns="http://www.w3.org/1999/xhtml" xml:lang="en" lang="en">
 <head>
  <title>
</title>
<meta http-equiv="Content-Type" content="text/html;charset=utf-8" />
  <meta name='ocr-system' content='tesseract 3.04.00' />
  <meta name='ocr-capabilities' content='ocr_page ocr_carea ocr_par ocr_line ocrx_word'/>
</head>
<body>
  <div class='ocr_page' id='page_1' title='image "./operaomniaaccura01auguuoft_0047.png"; bbox 0 0 1883 3194; ppageno 0'>
   <div class='ocr_carea' id='block_1_1' title="bbox 564 230 1605 269">
    <p class='ocr_par' dir='ltr' id='par_1_1' title="bbox 564 230 1605 269">
     <span class='ocr_line' id='line_1_1' title="bbox 564 230 1605 269; baseline 0.001 -4"><span class='ocrx_word' id='word_1_1' title='bbox 564 241 725 268; x_wconf 60' lang='lat' dir='ltr'>cos&#39;rm</span> <span class='ocrx_word' id='word_1_2' title='bbox 764 240 1023 268; x_wconf 69' lang='lat' dir='ltr'>ACADEMICOS</span> <span class='ocrx_word' id='word_1_3' title='bbox 1058 242 1180 269; x_wconf 61' lang='lat' dir='ltr'>mann</span> <span class='ocrx_word' id='word_1_4' title='bbox 1215 242 1244 268; x_wconf 78' lang='lat' dir='ltr'>t.</span> <span class='ocrx_word' id='word_1_5' title='bbox 1553 230 1605 267; x_wconf 79' lang='lat'>37</span> 
     </span>
    </p>
   </div>
   <div class='ocr_carea' id='block_1_2' title="bbox 199 306 1620 2650">
    <p class='ocr_par' dir='ltr' id='par_1_2' title="bbox 199 306 1620 2208">
     <span class='ocr_line' id='line_1_2' title="bbox 206 306 1615 369; baseline 0 -17"><span class='ocrx_word' id='word_1_6' title='bbox 206 316 328 352; x_wconf 86' lang='lat' dir='ltr'>retur</span> <span class='ocrx_word' id='word_1_7' title='bbox 347 327 355 354; x_wconf 87' lang='lat'><strong>:</strong></span> <span class='ocrx_word' id='word_1_8' title='bbox 381 316 432 352; x_wconf 89' lang='lat' dir='ltr'>ut</span> <span class='ocrx_word' id='word_1_9' title='bbox 454 307 484 352; x_wconf 88' lang='lat' dir='ltr'>si</span> <span class='ocrx_word' id='word_1_10' title='bbox 508 306 705 353; x_wconf 83' lang='lat' dir='ltr'>fatereris</span> <span class='ocrx_word' id='word_1_11' title='bbox 727 323 817 352; x_wconf 86' lang='lat' dir='ltr'>non</span> <span class='ocrx_word' id='word_1_12' title='bbox 834 323 926 352; x_wconf 83' lang='lat' dir='ltr'>esse</span> <span class='ocrx_word' id='word_1_13' title='bbox 943 307 1188 368; x_wconf 79' lang='lat' dir='ltr'>perfectum</span> <span class='ocrx_word' id='word_1_14' title='bbox 1203 344 1214 364; x_wconf 88' lang='lat'>,</span> <span class='ocrx_word' id='word_1_15' title='bbox 1238 307 1294 353; x_wconf 88' lang='lat' dir='ltr'>ad</span> <span class='ocrx_word' id='word_1_16' title='bbox 1315 316 1448 369; x_wconf 79' lang='lat' dir='ltr'>caput</span> <span class='ocrx_word' id='word_1_17' title='bbox 1469 323 1615 353; x_wconf 62' lang='lat' dir='ltr'>rccura</span> 
     </span>
     <span class='ocr_line' id='line_1_3' title="bbox 206 377 1610 440; baseline 0.001 -18"><span class='ocrx_word' id='word_1_18' title='bbox 206 388 344 435; x_wconf 84' lang='lat' dir='ltr'>reret,</span> <span class='ocrx_word' id='word_1_19' title='bbox 363 377 773 440; x_wconf 79' lang='lat' dir='ltr'>demonstraretque</span> <span class='ocrx_word' id='word_1_20' title='bbox 786 415 797 436; x_wconf 89' lang='lat'>,</span> <span class='ocrx_word' id='word_1_21' title='bbox 821 379 855 424; x_wconf 89' lang='lat' dir='ltr'>si</span> <span class='ocrx_word' id='word_1_22' title='bbox 872 387 1033 440; x_wconf 89' lang='lat' dir='ltr'>posset,</span> <span class='ocrx_word' id='word_1_23' title='bbox 1050 394 1130 439; x_wconf 87' lang='lat' dir='ltr'>per</span> <span class='ocrx_word' id='word_1_24' title='bbox 1149 378 1269 424; x_wconf 87' lang='lat' dir='ltr'>illam</span> <span class='ocrx_word' id='word_1_25' title='bbox 1289 379 1610 435; x_wconf 85' lang='lat' dir='ltr'>definitionem,</span> 
     </span>
     <span class='ocr_line' id='line_1_4' title="bbox 204 446 1615 512; baseline 0 -17"><span class='ocrx_word' id='word_1_26' title='bbox 204 450 451 511; x_wconf 78' lang='lat' dir='ltr'>perfectum</span> <span class='ocrx_word' id='word_1_27' title='bbox 485 465 576 495; x_wconf 87' lang='lat' dir='ltr'>esse</span> <span class='ocrx_word' id='word_1_28' title='bbox 617 446 866 507; x_wconf 83' lang='lat' dir='ltr'>hominem,</span> <span class='ocrx_word' id='word_1_29' title='bbox 892 451 969 512; x_wconf 87' lang='lat' dir='ltr'>qui</span> <span class='ocrx_word' id='word_1_30' title='bbox 1003 450 1248 496; x_wconf 89' lang='lat' dir='ltr'>secundum</span> <span class='ocrx_word' id='word_1_31' title='bbox 1280 449 1424 509; x_wconf 84' lang='lat' dir='ltr'>legem</span> <span class='ocrx_word' id='word_1_32' title='bbox 1454 451 1615 495; x_wconf 86' lang='lat' dir='ltr'>mentis</span> 
     </span>
     <span class='ocr_line' id='line_1_5' title="bbox 203 520 1613 583; baseline 0.001 -17"><span class='ocrx_word' id='word_1_33' title='bbox 203 521 339 567; x_wconf 89' lang='lat' dir='ltr'>vitam</span> <span class='ocrx_word' id='word_1_34' title='bbox 373 522 642 582; x_wconf 84' lang='lat' dir='ltr'>gubernaret</span> <span class='ocrx_word' id='word_1_35' title='bbox 669 541 678 568; x_wconf 75' lang='grc' dir='ltr'>ε</span> <span class='ocrx_word' id='word_1_36' title='bbox 705 537 754 567; x_wconf 89' lang='lat' dir='ltr'>ac</span> <span class='ocrx_word' id='word_1_37' title='bbox 776 537 855 583; x_wconf 86' lang='lat' dir='ltr'>per</span> <span class='ocrx_word' id='word_1_38' title='bbox 882 522 967 567; x_wconf 92' lang='lat' dir='ltr'>hoc</span> <span class='ocrx_word' id='word_1_39' title='bbox 983 558 993 578; x_wconf 86' lang='lat'>,</span> <span class='ocrx_word' id='word_1_40' title='bbox 1035 521 1217 567; x_wconf 88' lang='lat' dir='ltr'>beatum</span> <span class='ocrx_word' id='word_1_41' title='bbox 1249 521 1333 566; x_wconf 89' lang='lat' dir='ltr'>nisi</span> <span class='ocrx_word' id='word_1_42' title='bbox 1363 520 1613 582; x_wconf 76' lang='lat' dir='ltr'>perfectum</span> 
     </span>
     <span class='ocr_line' id='line_1_6' title="bbox 205 592 1613 658; baseline 0.001 -21"><span class='ocrx_word' id='word_1_43' title='bbox 205 608 296 638; x_wconf 86' lang='lat' dir='ltr'>esse</span> <span class='ocrx_word' id='word_1_44' title='bbox 320 609 412 658; x_wconf 79' lang='lat' dir='ltr'>uon</span> <span class='ocrx_word' id='word_1_45' title='bbox 433 609 574 654; x_wconf 91' lang='lat' dir='ltr'>posse.</span> <span class='ocrx_word' id='word_1_46' title='bbox 599 596 638 639; x_wconf 88' lang='grc' dir='ltr'><strong>Α</strong></span> <span class='ocrx_word' id='word_1_47' title='bbox 667 609 757 655; x_wconf 91' lang='lat' dir='ltr'>quo</span> <span class='ocrx_word' id='word_1_48' title='bbox 780 603 823 638; x_wconf 89' lang='lat' dir='ltr'>te</span> <span class='ocrx_word' id='word_1_49' title='bbox 860 593 1018 655; x_wconf 86' lang='lat' dir='ltr'>laqueo</span> <span class='ocrx_word' id='word_1_50' title='bbox 1041 610 1144 639; x_wconf 91' lang='lat' dir='ltr'>cum</span> <span class='ocrx_word' id='word_1_51' title='bbox 1172 592 1415 654; x_wconf 84' lang='lat' dir='ltr'>expedisses</span> <span class='ocrx_word' id='word_1_52' title='bbox 1440 593 1613 638; x_wconf 90' lang='lat' dir='ltr'>cautius</span> 
     </span>
     <span class='ocr_line' id='line_1_7' title="bbox 204 663 1613 726; baseline 0.001 -17"><span class='ocrx_word' id='word_1_53' title='bbox 204 681 338 726; x_wconf 85' lang='lat' dir='ltr'>quam</span> <span class='ocrx_word' id='word_1_54' title='bbox 365 665 600 726; x_wconf 88' lang='lat' dir='ltr'>putabam,</span> <span class='ocrx_word' id='word_1_55' title='bbox 622 675 666 721; x_wconf 86' lang='lat' dir='ltr'>et</span> <span class='ocrx_word' id='word_1_56' title='bbox 686 663 932 725; x_wconf 88' lang='lat' dir='ltr'>perfectum</span> <span class='ocrx_word' id='word_1_57' title='bbox 953 665 1182 711; x_wconf 90' lang='lat' dir='ltr'>hominem</span> <span class='ocrx_word' id='word_1_58' title='bbox 1208 664 1373 710; x_wconf 89' lang='lat' dir='ltr'>diceres</span> <span class='ocrx_word' id='word_1_59' title='bbox 1387 700 1398 720; x_wconf 91' lang='lat'>‚</span> <span class='ocrx_word' id='word_1_60' title='bbox 1424 664 1613 726; x_wconf 90' lang='lat' dir='ltr'>inquisi-</span> 
     </span>
     <span class='ocr_line' id='line_1_8' title="bbox 202 736 1614 799; baseline 0 -18"><span class='ocrx_word' id='word_1_61' title='bbox 202 746 346 781; x_wconf 88' lang='lat' dir='ltr'>torem</span> <span class='ocrx_word' id='word_1_62' title='bbox 363 736 743 795; x_wconf 86' lang='lat' dir='ltr'>diligentissimum</span> <span class='ocrx_word' id='word_1_63' title='bbox 770 737 991 793; x_wconf 86' lang='lat' dir='ltr'>veritatiS,</span> <span class='ocrx_word' id='word_1_64' title='bbox 1022 737 1206 799; x_wconf 87' lang='lat' dir='ltr'>ipsaque</span> <span class='ocrx_word' id='word_1_65' title='bbox 1226 736 1302 782; x_wconf 84' lang='lat' dir='ltr'>illa</span> <span class='ocrx_word' id='word_1_66' title='bbox 1325 736 1585 783; x_wconf 84' lang='lat' dir='ltr'>definitione</span> <span class='ocrx_word' id='word_1_67' title='bbox 1602 772 1614 792; x_wconf 90' lang='lat'>,</span> 
     </span>
     <span class='ocr_line' id='line_1_9' title="bbox 202 806 1616 869; baseline 0 -17"><span class='ocrx_word' id='word_1_68' title='bbox 202 824 290 869; x_wconf 91' lang='lat' dir='ltr'>qua</span> <span class='ocrx_word' id='word_1_69' title='bbox 322 807 498 853; x_wconf 81' lang='lat' dir='ltr'>beatam</span> <span class='ocrx_word' id='word_1_70' title='bbox 531 808 668 853; x_wconf 88' lang='lat' dir='ltr'>vitam</span> <span class='ocrx_word' id='word_1_71' title='bbox 689 806 812 853; x_wconf 90' lang='lat' dir='ltr'>illam</span> <span class='ocrx_word' id='word_1_72' title='bbox 851 807 1032 854; x_wconf 89' lang='lat' dir='ltr'>demum</span> <span class='ocrx_word' id='word_1_73' title='bbox 1070 824 1163 854; x_wconf 91' lang='lat' dir='ltr'>esse</span> <span class='ocrx_word' id='word_1_74' title='bbox 1200 808 1473 864; x_wconf 83' lang='lat' dir='ltr'>dixeramus,</span> <span class='ocrx_word' id='word_1_75' title='bbox 1516 823 1616 869; x_wconf 85' lang='lat' dir='ltr'>quae</span> 
     </span>
     <span class='ocr_line' id='line_1_10' title="bbox 202 878 1614 941; baseline 0 -17"><span class='ocrx_word' id='word_1_76' title='bbox 202 879 447 925; x_wconf 89' lang='lat' dir='ltr'>secundum</span> <span class='ocrx_word' id='word_1_77' title='bbox 463 878 678 924; x_wconf 90' lang='lat' dir='ltr'>rationem</span> <span class='ocrx_word' id='word_1_78' title='bbox 693 888 915 938; x_wconf 83' lang='lat' dir='ltr'>ageretur,</span> <span class='ocrx_word' id='word_1_79' title='bbox 935 890 984 925; x_wconf 92' lang='lat' dir='ltr'>tu</span> <span class='ocrx_word' id='word_1_80' title='bbox 1001 879 1307 941; x_wconf 80' lang='lat' dir='ltr'>praefidentius</span> <span class='ocrx_word' id='word_1_81' title='bbox 1329 880 1614 941; x_wconf 84' lang='lat' dir='ltr'>apertiusque</span> 
     </span>
     <span class='ocr_line' id='line_1_11' title="bbox 201 949 1613 1013; baseline 0.001 -18"><span class='ocrx_word' id='word_1_82' title='bbox 201 966 462 1011; x_wconf 84' lang='lat' dir='ltr'>pugnasses,</span> <span class='ocrx_word' id='word_1_83' title='bbox 488 949 563 995; x_wconf 91' lang='lat' dir='ltr'>ille</span> <span class='ocrx_word' id='word_1_84' title='bbox 580 949 662 994; x_wconf 86' lang='lat' dir='ltr'>tibi</span> <span class='ocrx_word' id='word_1_85' title='bbox 678 949 811 1010; x_wconf 88' lang='lat' dir='ltr'>plane</span> <span class='ocrx_word' id='word_1_86' title='bbox 832 951 1029 1012; x_wconf 89' lang='lat' dir='ltr'>reposuit</span> <span class='ocrx_word' id='word_1_87' title='bbox 1054 972 1064 998; x_wconf 77' lang='lat' dir='ltr'>z</span> <span class='ocrx_word' id='word_1_88' title='bbox 1089 968 1193 997; x_wconf 90' lang='lat' dir='ltr'>nam</span> <span class='ocrx_word' id='word_1_89' title='bbox 1211 950 1444 1013; x_wconf 85' lang='lat' dir='ltr'>occupavit</span> <span class='ocrx_word' id='word_1_90' title='bbox 1464 951 1613 1012; x_wconf 84' lang='lat' dir='ltr'>praesi-</span> 
     </span>
     <span class='ocr_line' id='line_1_12' title="bbox 205 1020 1617 1082; baseline 0.001 -16"><span class='ocrx_word' id='word_1_91' title='bbox 205 1020 330 1066; x_wconf 86' lang='lat' dir='ltr'>dium</span> <span class='ocrx_word' id='word_1_92' title='bbox 348 1031 499 1077; x_wconf 88' lang='lat' dir='ltr'>tuum,</span> <span class='ocrx_word' id='word_1_93' title='bbox 524 1020 645 1066; x_wconf 86' lang='lat' dir='ltr'>unde</span> <span class='ocrx_word' id='word_1_94' title='bbox 665 1021 820 1082; x_wconf 89' lang='lat' dir='ltr'>pulsus</span> <span class='ocrx_word' id='word_1_95' title='bbox 842 1023 1023 1068; x_wconf 88' lang='lat' dir='ltr'>omnino</span> <span class='ocrx_word' id='word_1_96' title='bbox 1045 1039 1267 1069; x_wconf 89' lang='lat' dir='ltr'>summam</span> <span class='ocrx_word' id='word_1_97' title='bbox 1287 1039 1436 1069; x_wconf 89' lang='lat' dir='ltr'>rerum</span> <span class='ocrx_word' id='word_1_98' title='bbox 1459 1023 1617 1068; x_wconf 80' lang='lat' dir='ltr'>amise-</span> 
     </span>
     <span class='ocr_line' id='line_1_13' title="bbox 203 1091 1619 1153; baseline 0.001 -15"><span class='ocrx_word' id='word_1_99' title='bbox 203 1109 289 1149; x_wconf 89' lang='lat' dir='ltr'>ras,</span> <span class='ocrx_word' id='word_1_100' title='bbox 314 1093 359 1137; x_wconf 92' lang='lat' dir='ltr'>ni</span> <span class='ocrx_word' id='word_1_101' title='bbox 379 1102 422 1138; x_wconf 87' lang='lat' dir='ltr'>te</span> <span class='ocrx_word' id='word_1_102' title='bbox 444 1091 635 1138; x_wconf 80' lang='lat' dir='ltr'>induciae</span> <span class='ocrx_word' id='word_1_103' title='bbox 652 1103 940 1153; x_wconf 87' lang='lat' dir='ltr'>reparassent.</span> <span class='ocrx_word' id='word_1_104' title='bbox 959 1094 1046 1140; x_wconf 88' lang='lat' dir='ltr'>Ubi</span> <span class='ocrx_word' id='word_1_105' title='bbox 1069 1095 1184 1141; x_wconf 89' lang='lat' dir='ltr'>enim</span> <span class='ocrx_word' id='word_1_106' title='bbox 1200 1111 1345 1141; x_wconf 87' lang='lat' dir='ltr'>arcem</span> <span class='ocrx_word' id='word_1_107' title='bbox 1357 1094 1619 1141; x_wconf 81' lang='lat' dir='ltr'>locaverunt</span> 
     </span>
     <span class='ocr_line' id='line_1_14' title="bbox 200 1163 1620 1224; baseline 0 -14"><span class='ocrx_word' id='word_1_108' title='bbox 200 1163 478 1219; x_wconf 86' lang='lat' dir='ltr'>Academici,</span> <span class='ocrx_word' id='word_1_109' title='bbox 504 1179 698 1224; x_wconf 87' lang='lat' dir='ltr'>quorum</span> <span class='ocrx_word' id='word_1_110' title='bbox 718 1165 855 1209; x_wconf 90' lang='lat' dir='ltr'>tueris</span> <span class='ocrx_word' id='word_1_111' title='bbox 872 1166 1134 1211; x_wconf 88' lang='lat' dir='ltr'>sententiam</span> <span class='ocrx_word' id='word_1_112' title='bbox 1150 1204 1160 1223; x_wconf 89' lang='lat'>‚</span> <span class='ocrx_word' id='word_1_113' title='bbox 1186 1166 1270 1212; x_wconf 90' lang='lat' dir='ltr'>nisi</span> <span class='ocrx_word' id='word_1_114' title='bbox 1292 1166 1338 1212; x_wconf 88' lang='lat' dir='ltr'>in</span> <span class='ocrx_word' id='word_1_115' title='bbox 1361 1166 1518 1212; x_wconf 89' lang='lat' dir='ltr'>erroris</span> <span class='ocrx_word' id='word_1_116' title='bbox 1542 1166 1620 1211; x_wconf 88' lang='lat' dir='ltr'>de-</span> 
     </span>
     <span class='ocr_line' id='line_1_15' title="bbox 200 1235 1615 1299; baseline 0.001 -20"><span class='ocrx_word' id='word_1_117' title='bbox 200 1235 426 1281; x_wconf 76' lang='lat' dir='ltr'>finitione?</span> <span class='ocrx_word' id='word_1_118' title='bbox 458 1237 568 1289; x_wconf 86' lang='lat' dir='ltr'>Quae</span> <span class='ocrx_word' id='word_1_119' title='bbox 591 1235 672 1279; x_wconf 84' lang='lat' dir='ltr'>tibi</span> <span class='ocrx_word' id='word_1_120' title='bbox 694 1235 776 1280; x_wconf 89' lang='lat' dir='ltr'>nisi</span> <span class='ocrx_word' id='word_1_121' title='bbox 810 1245 946 1281; x_wconf 88' lang='lat' dir='ltr'>noctu</span> <span class='ocrx_word' id='word_1_122' title='bbox 980 1235 1162 1283; x_wconf 86' lang='lat' dir='ltr'>fortasse</span> <span class='ocrx_word' id='word_1_123' title='bbox 1191 1254 1270 1299; x_wconf 88' lang='lat' dir='ltr'>per</span> <span class='ocrx_word' id='word_1_124' title='bbox 1295 1237 1517 1283; x_wconf 91' lang='lat' dir='ltr'>somnium</span> <span class='ocrx_word' id='word_1_125' title='bbox 1541 1253 1615 1282; x_wconf 85' lang='lat' dir='ltr'>re-</span> 
     </span>
     <span class='ocr_line' id='line_1_16' title="bbox 201 1305 1614 1368; baseline 0.002 -18"><span class='ocrx_word' id='word_1_126' title='bbox 201 1305 318 1351; x_wconf 87' lang='lat' dir='ltr'>diret</span> <span class='ocrx_word' id='word_1_127' title='bbox 346 1307 392 1351; x_wconf 90' lang='lat' dir='ltr'>in</span> <span class='ocrx_word' id='word_1_128' title='bbox 426 1315 644 1361; x_wconf 82' lang='lat' dir='ltr'>mentem,</span> <span class='ocrx_word' id='word_1_129' title='bbox 664 1307 756 1367; x_wconf 85' lang='lat' dir='ltr'>jam</span> <span class='ocrx_word' id='word_1_130' title='bbox 793 1307 902 1367; x_wconf 88' lang='lat' dir='ltr'>quid</span> <span class='ocrx_word' id='word_1_131' title='bbox 939 1309 1228 1368; x_wconf 82' lang='lat' dir='ltr'>responderes</span> <span class='ocrx_word' id='word_1_132' title='bbox 1269 1326 1361 1355; x_wconf 90' lang='lat' dir='ltr'>non</span> <span class='ocrx_word' id='word_1_133' title='bbox 1392 1308 1614 1365; x_wconf 87' lang='lat' dir='ltr'>habebas,</span> 
     </span>
     <span class='ocr_line' id='line_1_17' title="bbox 200 1377 1617 1440; baseline 0.001 -18"><span class='ocrx_word' id='word_1_134' title='bbox 200 1394 302 1423; x_wconf 92' lang='lat' dir='ltr'>cum</span> <span class='ocrx_word' id='word_1_135' title='bbox 336 1378 384 1422; x_wconf 90' lang='lat' dir='ltr'>in</span> <span class='ocrx_word' id='word_1_136' title='bbox 407 1377 669 1437; x_wconf 81' lang='lat' dir='ltr'>exponenda</span> <span class='ocrx_word' id='word_1_137' title='bbox 703 1377 924 1423; x_wconf 88' lang='lat' dir='ltr'>Ciceronis</span> <span class='ocrx_word' id='word_1_138' title='bbox 964 1379 1183 1424; x_wconf 87' lang='lat' dir='ltr'>sententia</span> <span class='ocrx_word' id='word_1_139' title='bbox 1220 1379 1415 1440; x_wconf 88' lang='lat' dir='ltr'>idipsum</span> <span class='ocrx_word' id='word_1_140' title='bbox 1436 1389 1485 1424; x_wconf 89' lang='lat' dir='ltr'>tu</span> <span class='ocrx_word' id='word_1_141' title='bbox 1523 1379 1617 1440; x_wconf 88' lang='lat' dir='ltr'>ipse</span> 
     </span>
     <span class='ocr_line' id='line_1_18' title="bbox 200 1448 1616 1496; baseline 0.001 -2"><span class='ocrx_word' id='word_1_142' title='bbox 200 1459 302 1494; x_wconf 87' lang='lat' dir='ltr'>ante</span> <span class='ocrx_word' id='word_1_143' title='bbox 316 1448 742 1494; x_wconf 84' lang='lat' dir='ltr'>commemoraveris.</span> <span class='ocrx_word' id='word_1_144' title='bbox 764 1448 932 1494; x_wconf 90' lang='lat' dir='ltr'>Deinde</span> <span class='ocrx_word' id='word_1_145' title='bbox 945 1459 1130 1495; x_wconf 90' lang='lat' dir='ltr'>ventum</span> <span class='ocrx_word' id='word_1_146' title='bbox 1149 1460 1214 1495; x_wconf 90' lang='lat' dir='ltr'>est</span> <span class='ocrx_word' id='word_1_147' title='bbox 1236 1450 1292 1495; x_wconf 87' lang='lat' dir='ltr'>ad</span> <span class='ocrx_word' id='word_1_148' title='bbox 1310 1450 1616 1496; x_wconf 87' lang='lat' dir='ltr'>definitionem</span> 
     </span>
     <span class='ocr_line' id='line_1_19' title="bbox 199 1519 1616 1582; baseline 0.001 -17"><span class='ocrx_word' id='word_1_149' title='bbox 199 1521 445 1581; x_wconf 86' lang='lat' dir='ltr'>sapientiae,</span> <span class='ocrx_word' id='word_1_150' title='bbox 467 1535 600 1582; x_wconf 87' lang='lat' dir='ltr'>quam</span> <span class='ocrx_word' id='word_1_151' title='bbox 624 1535 727 1564; x_wconf 90' lang='lat' dir='ltr'>cum</span> <span class='ocrx_word' id='word_1_152' title='bbox 749 1528 872 1565; x_wconf 87' lang='lat' dir='ltr'>tanta</span> <span class='ocrx_word' id='word_1_153' title='bbox 886 1519 1127 1566; x_wconf 85' lang='lat' dir='ltr'>calliditate</span> <span class='ocrx_word' id='word_1_154' title='bbox 1144 1520 1411 1566; x_wconf 86' lang='lat' dir='ltr'>labefactare</span> <span class='ocrx_word' id='word_1_155' title='bbox 1432 1537 1616 1567; x_wconf 87' lang='lat' dir='ltr'>conare-</span> 
     </span>
     <span class='ocr_line' id='line_1_20' title="bbox 199 1590 1615 1652; baseline 0 -15"><span class='ocrx_word' id='word_1_156' title='bbox 199 1593 279 1649; x_wconf 86' lang='lat' dir='ltr'>ris,</span> <span class='ocrx_word' id='word_1_157' title='bbox 305 1602 356 1637; x_wconf 90' lang='lat' dir='ltr'>ut</span> <span class='ocrx_word' id='word_1_158' title='bbox 387 1602 463 1637; x_wconf 88' lang='lat' dir='ltr'>tua</span> <span class='ocrx_word' id='word_1_159' title='bbox 486 1590 603 1636; x_wconf 86' lang='lat' dir='ltr'>furta</span> <span class='ocrx_word' id='word_1_160' title='bbox 625 1606 706 1636; x_wconf 88' lang='lat' dir='ltr'>nec</span> <span class='ocrx_word' id='word_1_161' title='bbox 738 1591 831 1652; x_wconf 89' lang='lat' dir='ltr'>ipse</span> <span class='ocrx_word' id='word_1_162' title='bbox 864 1591 1095 1637; x_wconf 84' lang='lat' dir='ltr'>auxiliator</span> <span class='ocrx_word' id='word_1_163' title='bbox 1120 1602 1222 1637; x_wconf 88' lang='lat' dir='ltr'>tuus</span> <span class='ocrx_word' id='word_1_164' title='bbox 1253 1591 1500 1638; x_wconf 80' lang='lat' dir='ltr'>Albicerius</span> <span class='ocrx_word' id='word_1_165' title='bbox 1522 1591 1615 1638; x_wconf 85' lang='lat' dir='ltr'>sor-</span> 
     </span>
     <span class='ocr_line' id='line_1_21' title="bbox 201 1661 1615 1726; baseline 0.001 -18"><span class='ocrx_word' id='word_1_166' title='bbox 201 1673 311 1708; x_wconf 87' lang='lat' dir='ltr'>tasse</span> <span class='ocrx_word' id='word_1_167' title='bbox 347 1661 769 1722; x_wconf 87' lang='lat' dir='ltr'>comprehenderet,</span> <span class='ocrx_word' id='word_1_168' title='bbox 788 1682 793 1692; x_wconf 71' lang='lat'><em>=</em></span> <span class='ocrx_word' id='word_1_169' title='bbox 811 1672 978 1723; x_wconf 86' lang='lat' dir='ltr'>quanta</span> <span class='ocrx_word' id='word_1_170' title='bbox 1023 1663 1101 1708; x_wconf 83' lang='lat' dir='ltr'>tibi</span> <span class='ocrx_word' id='word_1_171' title='bbox 1141 1663 1391 1723; x_wconf 80' lang='lat' dir='ltr'>vigilantia,</span> <span class='ocrx_word' id='word_1_172' title='bbox 1436 1665 1615 1726; x_wconf 86' lang='lat' dir='ltr'>quantis</span> 
     </span>
     <span class='ocr_line' id='line_1_22' title="bbox 200 1734 1610 1796; baseline 0.001 -16"><span class='ocrx_word' id='word_1_173' title='bbox 200 1734 367 1781; x_wconf 86' lang='lat' dir='ltr'>viribus</span> <span class='ocrx_word' id='word_1_174' title='bbox 390 1734 570 1790; x_wconf 86' lang='lat' dir='ltr'>restitit,</span> <span class='ocrx_word' id='word_1_175' title='bbox 598 1749 731 1794; x_wconf 86' lang='lat' dir='ltr'>quam</span> <span class='ocrx_word' id='word_1_176' title='bbox 760 1742 804 1778; x_wconf 91' lang='lat' dir='ltr'>te</span> <span class='ocrx_word' id='word_1_177' title='bbox 836 1750 949 1794; x_wconf 83' lang='lat' dir='ltr'>pene</span> <span class='ocrx_word' id='word_1_178' title='bbox 981 1734 1168 1780; x_wconf 84' lang='lat' dir='ltr'>involvit</span> <span class='ocrx_word' id='word_1_179' title='bbox 1195 1745 1328 1796; x_wconf 88' lang='lat' dir='ltr'>atque</span> <span class='ocrx_word' id='word_1_180' title='bbox 1360 1735 1572 1796; x_wconf 88' lang='lat' dir='ltr'>depressit</span> <span class='ocrx_word' id='word_1_181' title='bbox 1600 1756 1610 1782; x_wconf 71' lang='grc' dir='ltr'>ε</span> 
     </span>
     <span class='ocr_line' id='line_1_23' title="bbox 200 1803 1612 1868; baseline 0.001 -18"><span class='ocrx_word' id='word_1_182' title='bbox 200 1806 282 1851; x_wconf 87' lang='lat' dir='ltr'>nisi</span> <span class='ocrx_word' id='word_1_183' title='bbox 296 1815 517 1866; x_wconf 85' lang='lat' dir='ltr'>postremo</span> <span class='ocrx_word' id='word_1_184' title='bbox 540 1814 583 1848; x_wconf 90' lang='lat' dir='ltr'>te</span> <span class='ocrx_word' id='word_1_185' title='bbox 604 1813 678 1848; x_wconf 88' lang='lat' dir='ltr'>tua</span> <span class='ocrx_word' id='word_1_186' title='bbox 695 1803 954 1849; x_wconf 84' lang='lat' dir='ltr'>definitione</span> <span class='ocrx_word' id='word_1_187' title='bbox 968 1821 1083 1851; x_wconf 87' lang='lat' dir='ltr'>nova</span> <span class='ocrx_word' id='word_1_188' title='bbox 1106 1807 1326 1862; x_wconf 86' lang='lat' dir='ltr'>tutareris,</span> <span class='ocrx_word' id='word_1_189' title='bbox 1355 1806 1612 1868; x_wconf 87' lang='lat' dir='ltr'>diceresque</span> 
     </span>
     <span class='ocr_line' id='line_1_24' title="bbox 200 1876 1610 1940; baseline 0.001 -17"><span class='ocrx_word' id='word_1_190' title='bbox 200 1879 442 1923; x_wconf 86' lang='lat' dir='ltr'>humanam</span> <span class='ocrx_word' id='word_1_191' title='bbox 466 1892 558 1921; x_wconf 82' lang='lat' dir='ltr'>esse</span> <span class='ocrx_word' id='word_1_192' title='bbox 581 1876 838 1936; x_wconf 78' lang='lat' dir='ltr'>sapientiam</span> <span class='ocrx_word' id='word_1_193' title='bbox 858 1876 1187 1937; x_wconf 84' lang='lat' dir='ltr'>inquisitionem</span> <span class='ocrx_word' id='word_1_194' title='bbox 1209 1878 1421 1934; x_wconf 85' lang='lat' dir='ltr'>veritatis,</span> <span class='ocrx_word' id='word_1_195' title='bbox 1449 1894 1503 1923; x_wconf 83' lang='lat' dir='ltr'>ex</span> <span class='ocrx_word' id='word_1_196' title='bbox 1522 1896 1610 1940; x_wconf 86' lang='lat' dir='ltr'>qua</span> 
     </span>
     <span class='ocr_line' id='line_1_25' title="bbox 200 1946 1609 2010; baseline 0.001 -17"><span class='ocrx_word' id='word_1_197' title='bbox 200 1958 380 2010; x_wconf 85' lang='lat' dir='ltr'>propter</span> <span class='ocrx_word' id='word_1_198' title='bbox 402 1947 536 1993; x_wconf 89' lang='lat' dir='ltr'>animi</span> <span class='ocrx_word' id='word_1_199' title='bbox 552 1946 919 2008; x_wconf 78' lang='lat' dir='ltr'>tranquillitatem</span> <span class='ocrx_word' id='word_1_200' title='bbox 934 1948 1060 1993; x_wconf 82' lang='lat' dir='ltr'>beata</span> <span class='ocrx_word' id='word_1_201' title='bbox 1075 1949 1163 1994; x_wconf 84' lang='lat' dir='ltr'>vita</span> <span class='ocrx_word' id='word_1_202' title='bbox 1177 1949 1467 2008; x_wconf 79' lang='lat' dir='ltr'>contingeret.</span> <span class='ocrx_word' id='word_1_203' title='bbox 1495 1951 1609 1996; x_wconf 89' lang='lat' dir='ltr'>Huic</span> 
     </span>
     <span class='ocr_line' id='line_1_26' title="bbox 201 2018 1611 2081; baseline 0.001 -16"><span class='ocrx_word' id='word_1_204' title='bbox 201 2022 281 2065; x_wconf 88' lang='lat' dir='ltr'>iste</span> <span class='ocrx_word' id='word_1_205' title='bbox 308 2018 538 2065; x_wconf 78' lang='lat' dir='ltr'>sententiae</span> <span class='ocrx_word' id='word_1_206' title='bbox 567 2034 658 2063; x_wconf 85' lang='lat' dir='ltr'>non</span> <span class='ocrx_word' id='word_1_207' title='bbox 687 2018 999 2078; x_wconf 85' lang='lat' dir='ltr'>respondebit,</span> <span class='ocrx_word' id='word_1_208' title='bbox 1036 2020 1279 2079; x_wconf 85' lang='lat' dir='ltr'>praesertim</span> <span class='ocrx_word' id='word_1_209' title='bbox 1314 2020 1348 2065; x_wconf 90' lang='lat' dir='ltr'>si</span> <span class='ocrx_word' id='word_1_210' title='bbox 1377 2021 1423 2065; x_wconf 87' lang='lat' dir='ltr'>in</span> <span class='ocrx_word' id='word_1_211' title='bbox 1451 2037 1611 2081; x_wconf 88' lang='lat' dir='ltr'>proro-</span> 
     </span>
     <span class='ocr_line' id='line_1_27' title="bbox 203 2090 1610 2154; baseline 0.001 -17"><span class='ocrx_word' id='word_1_212' title='bbox 203 2091 346 2152; x_wconf 82' lang='lat' dir='ltr'>ganda</span> <span class='ocrx_word' id='word_1_213' title='bbox 369 2091 455 2136; x_wconf 88' lang='lat' dir='ltr'>diei</span> <span class='ocrx_word' id='word_1_214' title='bbox 473 2090 543 2136; x_wconf 90' lang='lat' dir='ltr'>vel</span> <span class='ocrx_word' id='word_1_215' title='bbox 557 2099 681 2151; x_wconf 86' lang='lat' dir='ltr'>parte</span> <span class='ocrx_word' id='word_1_216' title='bbox 703 2106 804 2151; x_wconf 68' lang='lat' dir='ltr'>quae</span> <span class='ocrx_word' id='word_1_217' title='bbox 826 2100 974 2146; x_wconf 87' lang='lat' dir='ltr'>restat,</span> <span class='ocrx_word' id='word_1_218' title='bbox 1000 2090 1126 2136; x_wconf 87' lang='lat' dir='ltr'>reddi</span> <span class='ocrx_word' id='word_1_219' title='bbox 1147 2091 1230 2136; x_wconf 88' lang='lat' dir='ltr'>sibi</span> <span class='ocrx_word' id='word_1_220' title='bbox 1249 2092 1432 2151; x_wconf 81' lang='lat' dir='ltr'>gratiam</span> <span class='ocrx_word' id='word_1_221' title='bbox 1453 2103 1610 2154; x_wconf 85' lang='lat' dir='ltr'>postu-</span> 
     </span>
     <span class='ocr_line' id='line_1_28' title="bbox 201 2163 326 2208; baseline -0.008 0"><span class='ocrx_word' id='word_1_222' title='bbox 201 2163 326 2208; x_wconf 85' lang='lat' dir='ltr'>labit.</span> 
     </span>
    </p>

    <p class='ocr_par' dir='ltr' id='par_1_3' title="bbox 201 2232 1609 2650">
     <span class='ocr_line' id='line_1_29' title="bbox 260 2232 1609 2295; baseline 0.001 -17"><span class='ocrx_word' id='word_1_223' title='bbox 260 2236 402 2279; x_wconf 80' lang='lat' dir='ltr'>XXV.</span> <span class='ocrx_word' id='word_1_224' title='bbox 432 2232 517 2279; x_wconf 89' lang='lat' dir='ltr'>Sed</span> <span class='ocrx_word' id='word_1_225' title='bbox 539 2249 594 2278; x_wconf 91' lang='lat' dir='ltr'>ne</span> <span class='ocrx_word' id='word_1_226' title='bbox 611 2232 797 2293; x_wconf 78' lang='lat' dir='ltr'>longum</span> <span class='ocrx_word' id='word_1_227' title='bbox 820 2232 1052 2289; x_wconf 83' lang='lat' dir='ltr'>faciamus,</span> <span class='ocrx_word' id='word_1_228' title='bbox 1072 2235 1187 2295; x_wconf 86' lang='lat' dir='ltr'>jam,</span> <span class='ocrx_word' id='word_1_229' title='bbox 1213 2234 1247 2279; x_wconf 90' lang='lat' dir='ltr'>si</span> <span class='ocrx_word' id='word_1_230' title='bbox 1270 2234 1439 2295; x_wconf 85' lang='lat' dir='ltr'>placet,</span> <span class='ocrx_word' id='word_1_231' title='bbox 1465 2251 1609 2286; x_wconf 88' lang='lat' dir='ltr'>sermo</span> 
     </span>
     <span class='ocr_line' id='line_1_30' title="bbox 201 2303 1603 2368; baseline 0.001 -18"><span class='ocrx_word' id='word_1_232' title='bbox 201 2306 281 2350; x_wconf 85' lang='lat' dir='ltr'>iste</span> <span class='ocrx_word' id='word_1_233' title='bbox 303 2303 556 2360; x_wconf 90' lang='lat' dir='ltr'>claudatur,</span> <span class='ocrx_word' id='word_1_234' title='bbox 590 2305 636 2348; x_wconf 90' lang='lat' dir='ltr'>in</span> <span class='ocrx_word' id='word_1_235' title='bbox 667 2320 757 2365; x_wconf 91' lang='lat' dir='ltr'>quo</span> <span class='ocrx_word' id='word_1_236' title='bbox 775 2304 1000 2349; x_wconf 87' lang='lat' dir='ltr'>immorari</span> <span class='ocrx_word' id='word_1_237' title='bbox 1023 2306 1154 2350; x_wconf 88' lang='lat' dir='ltr'>etiam</span> <span class='ocrx_word' id='word_1_238' title='bbox 1177 2306 1453 2367; x_wconf 88' lang='lat' dir='ltr'>superfluum</span> <span class='ocrx_word' id='word_1_239' title='bbox 1475 2317 1603 2368; x_wconf 90' lang='lat' dir='ltr'>puto.</span> 
     </span>
     <span class='ocr_line' id='line_1_31' title="bbox 204 2375 1607 2440; baseline 0.002 -19"><span class='ocrx_word' id='word_1_240' title='bbox 204 2379 405 2421; x_wconf 86' lang='lat' dir='ltr'>Tractata</span> <span class='ocrx_word' id='word_1_241' title='bbox 441 2375 558 2420; x_wconf 89' lang='lat' dir='ltr'>enim</span> <span class='ocrx_word' id='word_1_242' title='bbox 592 2391 659 2420; x_wconf 87' lang='lat' dir='ltr'>res</span> <span class='ocrx_word' id='word_1_243' title='bbox 692 2385 756 2420; x_wconf 87' lang='lat' dir='ltr'>est</span> <span class='ocrx_word' id='word_1_244' title='bbox 789 2391 868 2435; x_wconf 87' lang='lat' dir='ltr'>pro</span> <span class='ocrx_word' id='word_1_245' title='bbox 902 2386 1104 2437; x_wconf 85' lang='lat' dir='ltr'>suscepto</span> <span class='ocrx_word' id='word_1_246' title='bbox 1139 2378 1316 2437; x_wconf 83' lang='lat' dir='ltr'>negotio</span> <span class='ocrx_word' id='word_1_247' title='bbox 1346 2378 1472 2434; x_wconf 87' lang='lat' dir='ltr'>satis,</span> <span class='ocrx_word' id='word_1_248' title='bbox 1505 2395 1607 2440; x_wconf 85' lang='lat' dir='ltr'>quae</span> 
     </span>
     <span class='ocr_line' id='line_1_32' title="bbox 205 2446 1608 2508; baseline 0.001 -16"><span class='ocrx_word' id='word_1_249' title='bbox 205 2456 303 2508; x_wconf 90' lang='lat' dir='ltr'>post</span> <span class='ocrx_word' id='word_1_250' title='bbox 340 2462 480 2507; x_wconf 88' lang='lat' dir='ltr'>pauca</span> <span class='ocrx_word' id='word_1_251' title='bbox 516 2446 697 2491; x_wconf 89' lang='lat' dir='ltr'>omnino</span> <span class='ocrx_word' id='word_1_252' title='bbox 742 2456 889 2507; x_wconf 88' lang='lat' dir='ltr'>posset</span> <span class='ocrx_word' id='word_1_253' title='bbox 921 2448 1057 2492; x_wconf 87' lang='lat' dir='ltr'>verba</span> <span class='ocrx_word' id='word_1_254' title='bbox 1098 2448 1242 2504; x_wconf 87' lang='lat' dir='ltr'>finiri,</span> <span class='ocrx_word' id='word_1_255' title='bbox 1287 2449 1369 2493; x_wconf 89' lang='lat' dir='ltr'>nisi</span> <span class='ocrx_word' id='word_1_256' title='bbox 1406 2465 1608 2494; x_wconf 86' lang='lat' dir='ltr'>exercerc</span> 
     </span>
     <span class='ocr_line' id='line_1_33' title="bbox 203 2518 1606 2582; baseline 0.001 -17"><span class='ocrx_word' id='word_1_257' title='bbox 203 2535 280 2565; x_wconf 87' lang='lat' dir='ltr'>vos</span> <span class='ocrx_word' id='word_1_258' title='bbox 315 2518 475 2564; x_wconf 86' lang='lat' dir='ltr'>vellem</span> <span class='ocrx_word' id='word_1_259' title='bbox 500 2554 511 2574; x_wconf 91' lang='lat'>,</span> <span class='ocrx_word' id='word_1_260' title='bbox 558 2534 804 2580; x_wconf 86' lang='lat' dir='ltr'>nervosque</span> <span class='ocrx_word' id='word_1_261' title='bbox 841 2528 1007 2565; x_wconf 87' lang='lat' dir='ltr'>vestros</span> <span class='ocrx_word' id='word_1_262' title='bbox 1051 2530 1095 2565; x_wconf 90' lang='lat' dir='ltr'>et</span> <span class='ocrx_word' id='word_1_263' title='bbox 1133 2520 1276 2565; x_wconf 89' lang='lat' dir='ltr'>studia</span> <span class='ocrx_word' id='word_1_264' title='bbox 1295 2557 1306 2576; x_wconf 92' lang='lat'>,</span> <span class='ocrx_word' id='word_1_265' title='bbox 1352 2537 1451 2582; x_wconf 79' lang='lat' dir='ltr'>quae</span> <span class='ocrx_word' id='word_1_266' title='bbox 1497 2522 1606 2566; x_wconf 84' lang='lat' dir='ltr'>mihi</span> 
     </span>
     <span class='ocr_line' id='line_1_34' title="bbox 205 2590 1606 2650; baseline 0.001 -16"><span class='ocrx_word' id='word_1_267' title='bbox 205 2605 360 2648; x_wconf 80' lang='lat' dir='ltr'>magna</span> <span class='ocrx_word' id='word_1_268' title='bbox 395 2599 459 2634; x_wconf 85' lang='lat' dir='ltr'>est</span> <span class='ocrx_word' id='word_1_269' title='bbox 493 2605 620 2645; x_wconf 87' lang='lat' dir='ltr'>cura,</span> <span class='ocrx_word' id='word_1_270' title='bbox 656 2590 914 2650; x_wconf 78' lang='lat' dir='ltr'>explorare:</span> <span class='ocrx_word' id='word_1_271' title='bbox 953 2606 1052 2636; x_wconf 83' lang='lat' dir='ltr'>nam</span> <span class='ocrx_word' id='word_1_272' title='bbox 1084 2607 1186 2636; x_wconf 84' lang='lat' dir='ltr'>cum</span> <span class='ocrx_word' id='word_1_273' title='bbox 1224 2591 1505 2638; x_wconf 83' lang='lat' dir='ltr'>instituissem</span> <span class='ocrx_word' id='word_1_274' title='bbox 1529 2608 1606 2637; x_wconf 85' lang='lat' dir='ltr'>vos</span> 
     </span>
    </p>
   </div>
  </div>
 </body>
</html>
