<?xml version="1.0" encoding="UTF-8"?>
<!DOCTYPE html PUBLIC "-//W3C//DTD XHTML 1.0 Transitional//EN"
    "http://www.w3.org/TR/xhtml1/DTD/xhtml1-transitional.dtd">
<html xmlns="http://www.w3.org/1999/xhtml" xml:lang="en" lang="en">
 <head>
  <title>
</title>
<meta http-equiv="Content-Type" content="text/html;charset=utf-8" />
  <meta name='ocr-system' content='tesseract 3.04.00' />
  <meta name='ocr-capabilities' content='ocr_page ocr_carea ocr_par ocr_line ocrx_word'/>
</head>
<body>
  <div class='ocr_page' id='page_1' title='image "./operaomniaaccura01auguuoft_0357.png"; bbox 0 0 1888 3168; ppageno 0'>
   <div class='ocr_carea' id='block_1_1' title="bbox 727 173 1637 214">
    <p class='ocr_par' dir='ltr' id='par_1_1' title="bbox 727 173 1637 214">
     <span class='ocr_line' id='line_1_1' title="bbox 727 173 1637 214; baseline 0 0"><span class='ocrx_word' id='word_1_1' title='bbox 727 187 782 214; x_wconf 90' lang='lat' dir='ltr'>DE</span> <span class='ocrx_word' id='word_1_2' title='bbox 813 182 970 214; x_wconf 75' lang='lat' dir='ltr'>Mus1cA</span> <span class='ocrx_word' id='word_1_3' title='bbox 1003 185 1088 214; x_wconf 76' lang='lat' dir='ltr'>Lm.</span> <span class='ocrx_word' id='word_1_4' title='bbox 1123 183 1152 212; x_wconf 91' lang='lat'>1.</span> <span class='ocrx_word' id='word_1_5' title='bbox 1551 173 1637 214; x_wconf 82' lang='lat'>347</span> 
     </span>
    </p>
   </div>
   <div class='ocr_carea' id='block_1_2' title="bbox 215 251 1669 1678">
    <p class='ocr_par' dir='ltr' id='par_1_2' title="bbox 215 251 1669 1678">
     <span class='ocr_line' id='line_1_2' title="bbox 235 251 1638 316; baseline 0 -17"><span class='ocrx_word' id='word_1_6' title='bbox 235 253 454 316; x_wconf 90' lang='lat' dir='ltr'>principio</span> <span class='ocrx_word' id='word_1_7' title='bbox 498 266 788 298; x_wconf 86' lang='lat' dir='ltr'>numerorum</span> <span class='ocrx_word' id='word_1_8' title='bbox 834 252 1059 312; x_wconf 84' lang='lat' dir='ltr'>capiamus</span> <span class='ocrx_word' id='word_1_9' title='bbox 1099 251 1459 297; x_wconf 83' lang='lat' dir='ltr'>considerationis</span> <span class='ocrx_word' id='word_1_10' title='bbox 1507 252 1638 315; x_wconf 85' lang='lat' dir='ltr'>hujus</span> 
     </span>
     <span class='ocr_line' id='line_1_3' title="bbox 231 323 1669 386; baseline -0.001 -14"><span class='ocrx_word' id='word_1_11' title='bbox 231 326 479 382; x_wconf 84' lang='lat' dir='ltr'>exordium,</span> <span class='ocrx_word' id='word_1_12' title='bbox 493 334 538 370; x_wconf 90' lang='lat' dir='ltr'>et</span> <span class='ocrx_word' id='word_1_13' title='bbox 552 323 779 370; x_wconf 90' lang='lat' dir='ltr'>videamus</span> <span class='ocrx_word' id='word_1_14' title='bbox 792 332 1010 386; x_wconf 91' lang='lat' dir='ltr'>quantum</span> <span class='ocrx_word' id='word_1_15' title='bbox 1024 338 1105 384; x_wconf 88' lang='lat' dir='ltr'>pro</span> <span class='ocrx_word' id='word_1_16' title='bbox 1115 323 1283 369; x_wconf 83' lang='lat' dir='ltr'>viribus</span> <span class='ocrx_word' id='word_1_17' title='bbox 1301 325 1460 370; x_wconf 89' lang='lat' dir='ltr'>mentis</span> <span class='ocrx_word' id='word_1_18' title='bbox 1476 335 1638 371; x_wconf 82' lang='lat' dir='ltr'>nostrae</span> <span class='ocrx_word' id='word_1_19' title='bbox 1666 374 1669 376; x_wconf 69' lang='grc'><strong>,</strong></span> 
     </span>
     <span class='ocr_line' id='line_1_4' title="bbox 228 396 1638 460; baseline -0.001 -15"><span class='ocrx_word' id='word_1_20' title='bbox 228 399 332 445; x_wconf 84' lang='lat' dir='ltr'>talia</span> <span class='ocrx_word' id='word_1_21' title='bbox 368 399 565 446; x_wconf 86' lang='lat' dir='ltr'>valemus</span> <span class='ocrx_word' id='word_1_22' title='bbox 585 397 770 454; x_wconf 88' lang='lat' dir='ltr'>intueri,</span> <span class='ocrx_word' id='word_1_23' title='bbox 795 412 1002 460; x_wconf 87' lang='lat' dir='ltr'>quaenam</span> <span class='ocrx_word' id='word_1_24' title='bbox 1022 396 1078 442; x_wconf 91' lang='lat' dir='ltr'>sit</span> <span class='ocrx_word' id='word_1_25' title='bbox 1099 396 1232 453; x_wconf 89' lang='lat' dir='ltr'>ratio,</span> <span class='ocrx_word' id='word_1_26' title='bbox 1257 405 1309 442; x_wconf 86' lang='lat' dir='ltr'>ut</span> <span class='ocrx_word' id='word_1_27' title='bbox 1336 398 1534 458; x_wconf 88' lang='lat' dir='ltr'>quamvis</span> <span class='ocrx_word' id='word_1_28' title='bbox 1558 415 1638 459; x_wconf 90' lang='lat' dir='ltr'>per</span> 
     </span>
     <span class='ocr_line' id='line_1_5' title="bbox 226 467 1638 530; baseline -0.001 -13"><span class='ocrx_word' id='word_1_29' title='bbox 226 470 477 526; x_wconf 84' lang='lat' dir='ltr'>infinitum,</span> <span class='ocrx_word' id='word_1_30' title='bbox 501 478 554 514; x_wconf 86' lang='lat' dir='ltr'>ut</span> <span class='ocrx_word' id='word_1_31' title='bbox 573 467 743 514; x_wconf 87' lang='lat' dir='ltr'>dictum</span> <span class='ocrx_word' id='word_1_32' title='bbox 766 477 855 526; x_wconf 87' lang='lat' dir='ltr'>est,</span> <span class='ocrx_word' id='word_1_33' title='bbox 881 483 1090 514; x_wconf 90' lang='lat' dir='ltr'>numerus</span> <span class='ocrx_word' id='word_1_34' title='bbox 1112 468 1443 530; x_wconf 81' lang='lat' dir='ltr'>progrediatur,</span> <span class='ocrx_word' id='word_1_35' title='bbox 1472 470 1638 516; x_wconf 87' lang='lat' dir='ltr'>articu-</span> 
     </span>
     <span class='ocr_line' id='line_1_6' title="bbox 225 539 1637 605; baseline -0.001 -15"><span class='ocrx_word' id='word_1_36' title='bbox 225 544 292 590; x_wconf 89' lang='lat' dir='ltr'>los</span> <span class='ocrx_word' id='word_1_37' title='bbox 314 542 532 605; x_wconf 89' lang='lat' dir='ltr'>quosdam</span> <span class='ocrx_word' id='word_1_38' title='bbox 552 541 757 587; x_wconf 90' lang='lat' dir='ltr'>homines</span> <span class='ocrx_word' id='word_1_39' title='bbox 778 542 826 586; x_wconf 90' lang='lat' dir='ltr'>in</span> <span class='ocrx_word' id='word_1_40' title='bbox 844 540 1121 587; x_wconf 88' lang='lat' dir='ltr'>numerando</span> <span class='ocrx_word' id='word_1_41' title='bbox 1139 539 1346 597; x_wconf 84' lang='lat' dir='ltr'>fecerint,</span> <span class='ocrx_word' id='word_1_42' title='bbox 1364 557 1389 586; x_wconf 89' lang='lat' dir='ltr'>a</span> <span class='ocrx_word' id='word_1_43' title='bbox 1405 541 1568 603; x_wconf 88' lang='lat' dir='ltr'>quibus</span> <span class='ocrx_word' id='word_1_44' title='bbox 1581 543 1637 588; x_wconf 87' lang='lat' dir='ltr'>ad</span> 
     </span>
     <span class='ocr_line' id='line_1_7' title="bbox 225 612 1632 676; baseline -0.001 -15"><span class='ocrx_word' id='word_1_45' title='bbox 225 630 368 662; x_wconf 91' lang='lat' dir='ltr'>unum</span> <span class='ocrx_word' id='word_1_46' title='bbox 390 629 538 664; x_wconf 87' lang='lat' dir='ltr'>rursus</span> <span class='ocrx_word' id='word_1_47' title='bbox 560 612 766 670; x_wconf 82' lang='lat' dir='ltr'>redeant,</span> <span class='ocrx_word' id='word_1_48' title='bbox 792 613 916 676; x_wconf 90' lang='lat' dir='ltr'>quod</span> <span class='ocrx_word' id='word_1_49' title='bbox 935 623 1002 659; x_wconf 91' lang='lat' dir='ltr'>est</span> <span class='ocrx_word' id='word_1_50' title='bbox 1027 613 1296 674; x_wconf 89' lang='lat' dir='ltr'>principium</span> <span class='ocrx_word' id='word_1_51' title='bbox 1326 629 1632 660; x_wconf 86' lang='lat' dir='ltr'>numerorum.</span> 
     </span>
     <span class='ocr_line' id='line_1_8' title="bbox 226 684 1633 747; baseline -0.001 -15"><span class='ocrx_word' id='word_1_52' title='bbox 226 690 280 733; x_wconf 92' lang='lat' dir='ltr'>In</span> <span class='ocrx_word' id='word_1_53' title='bbox 301 684 577 732; x_wconf 89' lang='lat' dir='ltr'>numerando</span> <span class='ocrx_word' id='word_1_54' title='bbox 593 685 711 731; x_wconf 91' lang='lat' dir='ltr'>enim</span> <span class='ocrx_word' id='word_1_55' title='bbox 723 684 1034 746; x_wconf 83' lang='lat' dir='ltr'>progredimur</span> <span class='ocrx_word' id='word_1_56' title='bbox 1046 685 1103 731; x_wconf 84' lang='lat' dir='ltr'>ab</span> <span class='ocrx_word' id='word_1_57' title='bbox 1120 700 1213 731; x_wconf 91' lang='lat' dir='ltr'>uno</span> <span class='ocrx_word' id='word_1_58' title='bbox 1233 700 1375 747; x_wconf 90' lang='lat' dir='ltr'>usque</span> <span class='ocrx_word' id='word_1_59' title='bbox 1387 684 1444 730; x_wconf 88' lang='lat' dir='ltr'>ad</span> <span class='ocrx_word' id='word_1_60' title='bbox 1457 684 1609 731; x_wconf 88' lang='lat' dir='ltr'>decem</span> <span class='ocrx_word' id='word_1_61' title='bbox 1621 722 1633 743; x_wconf 90' lang='lat'>,</span> 
     </span>
     <span class='ocr_line' id='line_1_9' title="bbox 225 756 1635 821; baseline -0.001 -16"><span class='ocrx_word' id='word_1_62' title='bbox 225 769 359 821; x_wconf 87' lang='lat' dir='ltr'>atque</span> <span class='ocrx_word' id='word_1_63' title='bbox 379 756 484 803; x_wconf 90' lang='lat' dir='ltr'>inde</span> <span class='ocrx_word' id='word_1_64' title='bbox 506 756 563 802; x_wconf 87' lang='lat' dir='ltr'>ad</span> <span class='ocrx_word' id='word_1_65' title='bbox 579 773 720 802; x_wconf 91' lang='lat' dir='ltr'>unum</span> <span class='ocrx_word' id='word_1_66' title='bbox 742 756 1004 803; x_wconf 87' lang='lat' dir='ltr'>revertimur</span> <span class='ocrx_word' id='word_1_67' title='bbox 1021 776 1031 806; x_wconf 70' lang='grc' dir='ltr'>ς</span> <span class='ocrx_word' id='word_1_68' title='bbox 1051 766 1096 802; x_wconf 91' lang='lat' dir='ltr'>at</span> <span class='ocrx_word' id='word_1_69' title='bbox 1110 757 1145 802; x_wconf 88' lang='lat' dir='ltr'>si</span> <span class='ocrx_word' id='word_1_70' title='bbox 1157 756 1382 803; x_wconf 83' lang='lat' dir='ltr'>denariam</span> <span class='ocrx_word' id='word_1_71' title='bbox 1395 757 1635 818; x_wconf 73' lang='lat' dir='ltr'>complica-v</span> 
     </span>
     <span class='ocr_line' id='line_1_10' title="bbox 225 827 1632 891; baseline -0.001 -15"><span class='ocrx_word' id='word_1_72' title='bbox 225 831 393 876; x_wconf 90' lang='lat' dir='ltr'>tionem</span> <span class='ocrx_word' id='word_1_73' title='bbox 413 829 617 891; x_wconf 86' lang='lat' dir='ltr'>persequi</span> <span class='ocrx_word' id='word_1_74' title='bbox 633 828 762 885; x_wconf 86' lang='lat' dir='ltr'>velis,</span> <span class='ocrx_word' id='word_1_75' title='bbox 787 838 840 874; x_wconf 90' lang='lat' dir='ltr'>ut</span> <span class='ocrx_word' id='word_1_76' title='bbox 855 829 940 874; x_wconf 89' lang='lat' dir='ltr'>hoc</span> <span class='ocrx_word' id='word_1_77' title='bbox 954 827 1088 874; x_wconf 89' lang='lat' dir='ltr'>modo</span> <span class='ocrx_word' id='word_1_78' title='bbox 1107 828 1418 890; x_wconf 85' lang='lat' dir='ltr'>progrediaris,</span> <span class='ocrx_word' id='word_1_79' title='bbox 1451 829 1604 875; x_wconf 88' lang='lat' dir='ltr'>decem</span> <span class='ocrx_word' id='word_1_80' title='bbox 1621 866 1632 886; x_wconf 87' lang='lat'>,</span> 
     </span>
     <span class='ocr_line' id='line_1_11' title="bbox 224 900 1634 962; baseline 0 -15"><span class='ocrx_word' id='word_1_81' title='bbox 224 901 405 962; x_wconf 82' lang='lat' dir='ltr'>viginti,</span> <span class='ocrx_word' id='word_1_82' title='bbox 426 900 604 961; x_wconf 85' lang='lat' dir='ltr'>triginta</span> <span class='ocrx_word' id='word_1_83' title='bbox 621 936 632 957; x_wconf 87' lang='lat'>,</span> <span class='ocrx_word' id='word_1_84' title='bbox 656 900 972 962; x_wconf 81' lang='lat' dir='ltr'>quadraginta,</span> <span class='ocrx_word' id='word_1_85' title='bbox 993 916 1134 962; x_wconf 89' lang='lat' dir='ltr'>usque</span> <span class='ocrx_word' id='word_1_86' title='bbox 1163 901 1219 946; x_wconf 92' lang='lat' dir='ltr'>ad</span> <span class='ocrx_word' id='word_1_87' title='bbox 1247 910 1427 946; x_wconf 89' lang='lat' dir='ltr'>centum</span> <span class='ocrx_word' id='word_1_88' title='bbox 1449 910 1515 946; x_wconf 91' lang='lat' dir='ltr'>est</span> <span class='ocrx_word' id='word_1_89' title='bbox 1531 917 1634 962; x_wconf 89' lang='lat' dir='ltr'>pro-</span> 
     </span>
     <span class='ocr_line' id='line_1_12' title="bbox 224 971 1635 1036; baseline 0.001 -18"><span class='ocrx_word' id='word_1_90' title='bbox 224 973 411 1036; x_wconf 74' lang='lat' dir='ltr'>gressio,</span> <span class='ocrx_word' id='word_1_91' title='bbox 436 973 472 1018; x_wconf 91' lang='lat' dir='ltr'>si</span> <span class='ocrx_word' id='word_1_92' title='bbox 493 973 814 1030; x_wconf 83' lang='lat' dir='ltr'>centenariam,</span> <span class='ocrx_word' id='word_1_93' title='bbox 830 982 1033 1029; x_wconf 87' lang='lat' dir='ltr'>centum,</span> <span class='ocrx_word' id='word_1_94' title='bbox 1053 971 1268 1029; x_wconf 86' lang='lat' dir='ltr'>ducenta,</span> <span class='ocrx_word' id='word_1_95' title='bbox 1288 981 1500 1030; x_wconf 86' lang='lat' dir='ltr'>trecenta,</span> <span class='ocrx_word' id='word_1_96' title='bbox 1521 989 1635 1035; x_wconf 85' lang='lat' dir='ltr'>qua-</span> 
     </span>
     <span class='ocr_line' id='line_1_13' title="bbox 221 1044 1636 1107; baseline 0 -16"><span class='ocrx_word' id='word_1_97' title='bbox 221 1045 479 1105; x_wconf 85' lang='lat' dir='ltr'>dringenta,</span> <span class='ocrx_word' id='word_1_98' title='bbox 501 1045 548 1089; x_wconf 94' lang='lat' dir='ltr'>in</span> <span class='ocrx_word' id='word_1_99' title='bbox 568 1044 689 1090; x_wconf 90' lang='lat' dir='ltr'>mille</span> <span class='ocrx_word' id='word_1_100' title='bbox 703 1055 767 1090; x_wconf 91' lang='lat' dir='ltr'>est</span> <span class='ocrx_word' id='word_1_101' title='bbox 789 1045 999 1090; x_wconf 88' lang='lat' dir='ltr'>articulus</span> <span class='ocrx_word' id='word_1_102' title='bbox 1022 1061 1047 1090; x_wconf 91' lang='lat' dir='ltr'>a</span> <span class='ocrx_word' id='word_1_103' title='bbox 1066 1061 1157 1107; x_wconf 92' lang='lat' dir='ltr'>quo</span> <span class='ocrx_word' id='word_1_104' title='bbox 1172 1044 1379 1090; x_wconf 87' lang='lat' dir='ltr'>redeatur</span> <span class='ocrx_word' id='word_1_105' title='bbox 1396 1064 1406 1091; x_wconf 73' lang='grc' dir='ltr'><strong>ι</strong></span> <span class='ocrx_word' id='word_1_106' title='bbox 1423 1045 1534 1107; x_wconf 88' lang='lat' dir='ltr'>quid</span> <span class='ocrx_word' id='word_1_107' title='bbox 1543 1047 1636 1107; x_wconf 87' lang='lat' dir='ltr'>jam</span> 
     </span>
     <span class='ocr_line' id='line_1_14' title="bbox 221 1116 1631 1180; baseline 0 -17"><span class='ocrx_word' id='word_1_108' title='bbox 221 1127 287 1164; x_wconf 87' lang='lat' dir='ltr'>est</span> <span class='ocrx_word' id='word_1_109' title='bbox 300 1133 410 1178; x_wconf 90' lang='lat' dir='ltr'>opus</span> <span class='ocrx_word' id='word_1_110' title='bbox 431 1116 548 1162; x_wconf 83' lang='lat' dir='ltr'>ultra</span> <span class='ocrx_word' id='word_1_111' title='bbox 570 1120 794 1178; x_wconf 74' lang='lat' dir='ltr'>quaerere?</span> <span class='ocrx_word' id='word_1_112' title='bbox 816 1117 949 1163; x_wconf 90' lang='lat' dir='ltr'>Vides</span> <span class='ocrx_word' id='word_1_113' title='bbox 970 1127 1087 1163; x_wconf 88' lang='lat' dir='ltr'>certe</span> <span class='ocrx_word' id='word_1_114' title='bbox 1104 1134 1216 1180; x_wconf 86' lang='lat' dir='ltr'>quos</span> <span class='ocrx_word' id='word_1_115' title='bbox 1239 1118 1446 1163; x_wconf 84' lang='lat' dir='ltr'>articulos</span> <span class='ocrx_word' id='word_1_116' title='bbox 1463 1118 1631 1175; x_wconf 86' lang='lat' dir='ltr'>dicam,</span> 
     </span>
     <span class='ocr_line' id='line_1_15' title="bbox 218 1189 1635 1252; baseline 0 -17"><span class='ocrx_word' id='word_1_117' title='bbox 218 1205 413 1252; x_wconf 89' lang='lat' dir='ltr'>quorum</span> <span class='ocrx_word' id='word_1_118' title='bbox 434 1190 576 1252; x_wconf 84' lang='lat' dir='ltr'>prima</span> <span class='ocrx_word' id='word_1_119' title='bbox 592 1189 743 1250; x_wconf 80' lang='lat' dir='ltr'>regula</span> <span class='ocrx_word' id='word_1_120' title='bbox 766 1189 947 1236; x_wconf 88' lang='lat' dir='ltr'>denario</span> <span class='ocrx_word' id='word_1_121' title='bbox 971 1206 1158 1236; x_wconf 87' lang='lat' dir='ltr'>numero</span> <span class='ocrx_word' id='word_1_122' title='bbox 1182 1190 1496 1252; x_wconf 65' lang='lat' dir='ltr'>praescribitur.</span> <span class='ocrx_word' id='word_1_123' title='bbox 1522 1193 1635 1237; x_wconf 86' lang='lat' dir='ltr'>Nam</span> 
     </span>
     <span class='ocr_line' id='line_1_16' title="bbox 218 1261 1635 1320; baseline -0.001 -12"><span class='ocrx_word' id='word_1_124' title='bbox 218 1271 271 1308; x_wconf 89' lang='lat' dir='ltr'>ut</span> <span class='ocrx_word' id='word_1_125' title='bbox 286 1261 461 1320; x_wconf 90' lang='lat' dir='ltr'>decem,</span> <span class='ocrx_word' id='word_1_126' title='bbox 483 1261 626 1308; x_wconf 86' lang='lat' dir='ltr'>decies</span> <span class='ocrx_word' id='word_1_127' title='bbox 648 1262 817 1308; x_wconf 89' lang='lat' dir='ltr'>habent</span> <span class='ocrx_word' id='word_1_128' title='bbox 833 1278 997 1309; x_wconf 91' lang='lat' dir='ltr'>unum:</span> <span class='ocrx_word' id='word_1_129' title='bbox 1018 1264 1077 1308; x_wconf 86' lang='lat' dir='ltr'>ita</span> <span class='ocrx_word' id='word_1_130' title='bbox 1090 1272 1270 1308; x_wconf 91' lang='lat' dir='ltr'>centum</span> <span class='ocrx_word' id='word_1_131' title='bbox 1283 1299 1293 1319; x_wconf 89' lang='lat'>,</span> <span class='ocrx_word' id='word_1_132' title='bbox 1311 1262 1635 1308; x_wconf 86' lang='lat' dir='ltr'>decieshabent</span> 
     </span>
     <span class='ocr_line' id='line_1_17' title="bbox 219 1334 1634 1394; baseline 0 -14"><span class='ocrx_word' id='word_1_133' title='bbox 219 1334 396 1381; x_wconf 90' lang='lat' dir='ltr'>eosdem</span> <span class='ocrx_word' id='word_1_134' title='bbox 430 1335 583 1380; x_wconf 90' lang='lat' dir='ltr'>decem</span> <span class='ocrx_word' id='word_1_135' title='bbox 605 1357 617 1394; x_wconf 80' lang='lat'><em>3</em></span> <span class='ocrx_word' id='word_1_136' title='bbox 641 1344 685 1380; x_wconf 89' lang='lat' dir='ltr'>et</span> <span class='ocrx_word' id='word_1_137' title='bbox 713 1335 856 1392; x_wconf 89' lang='lat' dir='ltr'>mille,</span> <span class='ocrx_word' id='word_1_138' title='bbox 879 1336 1022 1380; x_wconf 89' lang='lat' dir='ltr'>decies</span> <span class='ocrx_word' id='word_1_139' title='bbox 1051 1336 1220 1380; x_wconf 88' lang='lat' dir='ltr'>habent</span> <span class='ocrx_word' id='word_1_140' title='bbox 1258 1344 1439 1380; x_wconf 89' lang='lat' dir='ltr'>centum</span> <span class='ocrx_word' id='word_1_141' title='bbox 1458 1352 1469 1388; x_wconf 93' lang='grc'><strong>;</strong></span> <span class='ocrx_word' id='word_1_142' title='bbox 1487 1344 1532 1380; x_wconf 86' lang='lat' dir='ltr'>et</span> <span class='ocrx_word' id='word_1_143' title='bbox 1574 1336 1634 1380; x_wconf 92' lang='lat' dir='ltr'>ita</span> 
     </span>
     <span class='ocr_line' id='line_1_18' title="bbox 217 1406 1632 1469; baseline 0.001 -18"><span class='ocrx_word' id='word_1_144' title='bbox 217 1407 424 1467; x_wconf 87' lang='lat' dir='ltr'>deinceps</span> <span class='ocrx_word' id='word_1_145' title='bbox 454 1422 687 1467; x_wconf 85' lang='lat' dir='ltr'>quousque</span> <span class='ocrx_word' id='word_1_146' title='bbox 708 1406 888 1451; x_wconf 87' lang='lat' dir='ltr'>libitum</span> <span class='ocrx_word' id='word_1_147' title='bbox 910 1416 974 1452; x_wconf 89' lang='lat' dir='ltr'>est</span> <span class='ocrx_word' id='word_1_148' title='bbox 994 1407 1223 1468; x_wconf 81' lang='lat' dir='ltr'>progredi,</span> <span class='ocrx_word' id='word_1_149' title='bbox 1248 1407 1330 1452; x_wconf 87' lang='lat' dir='ltr'>ibit</span> <span class='ocrx_word' id='word_1_150' title='bbox 1353 1408 1399 1452; x_wconf 92' lang='lat' dir='ltr'>in</span> <span class='ocrx_word' id='word_1_151' title='bbox 1422 1409 1632 1469; x_wconf 87' lang='lat' dir='ltr'>hujusce-</span> 
     </span>
     <span class='ocr_line' id='line_1_19' title="bbox 215 1477 1630 1540; baseline 0.001 -17"><span class='ocrx_word' id='word_1_152' title='bbox 215 1477 339 1523; x_wconf 88' lang='lat' dir='ltr'>modi</span> <span class='ocrx_word' id='word_1_153' title='bbox 359 1478 484 1539; x_wconf 84' lang='lat' dir='ltr'>quasi</span> <span class='ocrx_word' id='word_1_154' title='bbox 502 1477 717 1534; x_wconf 80' lang='lat' dir='ltr'>articulis,</span> <span class='ocrx_word' id='word_1_155' title='bbox 745 1477 868 1539; x_wconf 87' lang='lat' dir='ltr'>quod</span> <span class='ocrx_word' id='word_1_156' title='bbox 885 1478 931 1523; x_wconf 91' lang='lat' dir='ltr'>in</span> <span class='ocrx_word' id='word_1_157' title='bbox 948 1478 1130 1524; x_wconf 88' lang='lat' dir='ltr'>denario</span> <span class='ocrx_word' id='word_1_158' title='bbox 1151 1495 1339 1524; x_wconf 90' lang='lat' dir='ltr'>numero</span> <span class='ocrx_word' id='word_1_159' title='bbox 1357 1480 1630 1540; x_wconf 84' lang='lat' dir='ltr'>praefinitum</span> 
     </span>
     <span class='ocr_line' id='line_1_20' title="bbox 215 1549 1630 1612; baseline 0.002 -17"><span class='ocrx_word' id='word_1_160' title='bbox 215 1559 301 1595; x_wconf 88' lang='lat' dir='ltr'>est:</span> <span class='ocrx_word' id='word_1_161' title='bbox 327 1566 384 1594; x_wconf 90' lang='lat' dir='ltr'>an</span> <span class='ocrx_word' id='word_1_162' title='bbox 406 1549 575 1612; x_wconf 86' lang='lat' dir='ltr'>aliquid</span> <span class='ocrx_word' id='word_1_163' title='bbox 606 1551 768 1595; x_wconf 90' lang='lat' dir='ltr'>horum</span> <span class='ocrx_word' id='word_1_164' title='bbox 799 1567 892 1596; x_wconf 91' lang='lat' dir='ltr'>non</span> <span class='ocrx_word' id='word_1_165' title='bbox 927 1550 1162 1612; x_wconf 76' lang='lat' dir='ltr'>intelligis?</span> <span class='ocrx_word' id='word_1_166' title='bbox 1194 1556 1247 1598; x_wconf 87' lang='lat' dir='ltr'>D.</span> <span class='ocrx_word' id='word_1_167' title='bbox 1274 1551 1630 1598; x_wconf 86' lang='lat' dir='ltr'>Manifestissima</span> 
     </span>
     <span class='ocr_line' id='line_1_21' title="bbox 216 1623 835 1678; baseline 0.002 -11"><span class='ocrx_word' id='word_1_168' title='bbox 216 1631 320 1667; x_wconf 91' lang='lat' dir='ltr'>sunt</span> <span class='ocrx_word' id='word_1_169' title='bbox 342 1623 489 1667; x_wconf 88' lang='lat' dir='ltr'>omnia</span> <span class='ocrx_word' id='word_1_170' title='bbox 502 1658 514 1678; x_wconf 90' lang='lat'>,</span> <span class='ocrx_word' id='word_1_171' title='bbox 532 1632 576 1668; x_wconf 91' lang='lat' dir='ltr'>et</span> <span class='ocrx_word' id='word_1_172' title='bbox 596 1623 835 1669; x_wconf 88' lang='lat' dir='ltr'>verissima.</span> 
     </span>
    </p>
   </div>
   <div class='ocr_carea' id='block_1_3' title="bbox 220 1780 1629 1801">
    <p class='ocr_par' dir='ltr' id='par_1_3' title="bbox 220 1780 1629 1801">
     <span class='ocr_line' id='line_1_22' title="bbox 220 1780 1629 1801; baseline 0.003 -4"><span class='ocrx_word' id='word_1_173' title='bbox 220 1780 1629 1801; x_wconf 55' lang='lat' dir='ltr'>mmmmmmm=mmmmm=mmmmummmwummmm</span> 
     </span>
    </p>
   </div>
   <div class='ocr_carea' id='block_1_4' title="bbox 733 1903 1117 1955">
    <p class='ocr_par' dir='ltr' id='par_1_4' title="bbox 733 1903 1117 1955">
     <span class='ocr_line' id='line_1_23' title="bbox 733 1903 1117 1955; baseline 0.005 -2"><span class='ocrx_word' id='word_1_174' title='bbox 733 1903 955 1955; x_wconf 82' lang='lat' dir='ltr'><strong>CAPUT</strong></span> <span class='ocrx_word' id='word_1_175' title='bbox 998 1908 1117 1955; x_wconf 85' lang='lat' dir='ltr'><strong>XII.</strong></span> 
     </span>
    </p>
   </div>
   <div class='ocr_carea' id='block_1_5' title="bbox 221 2049 1627 2191">
    <p class='ocr_par' dir='ltr' id='par_1_5' title="bbox 221 2049 1627 2191">
     <span class='ocr_line' id='line_1_24' title="bbox 221 2049 1627 2116; baseline 0.004 -20"><span class='ocrx_word' id='word_1_176' title='bbox 221 2050 322 2098; x_wconf 78' lang='lat' dir='ltr'>Cur</span> <span class='ocrx_word' id='word_1_177' title='bbox 337 2049 403 2097; x_wconf 81' lang='lat' dir='ltr'>ab</span> <span class='ocrx_word' id='word_1_178' title='bbox 426 2067 521 2097; x_wconf 79' lang='lat' dir='ltr'>uno</span> <span class='ocrx_word' id='word_1_179' title='bbox 543 2049 617 2097; x_wconf 77' lang='lat' dir='ltr'>ad</span> <span class='ocrx_word' id='word_1_180' title='bbox 633 2049 800 2098; x_wconf 76' lang='lat' dir='ltr'>decem</span> <span class='ocrx_word' id='word_1_181' title='bbox 817 2069 1104 2116; x_wconf 72' lang='lat' dir='ltr'>progressus</span> <span class='ocrx_word' id='word_1_182' title='bbox 1121 2090 1137 2111; x_wconf 85' lang='grc'>,</span> <span class='ocrx_word' id='word_1_183' title='bbox 1163 2064 1210 2100; x_wconf 83' lang='lat' dir='ltr'>et</span> <span class='ocrx_word' id='word_1_184' title='bbox 1238 2052 1351 2101; x_wconf 81' lang='lat' dir='ltr'>inde</span> <span class='ocrx_word' id='word_1_185' title='bbox 1380 2053 1454 2101; x_wconf 79' lang='lat' dir='ltr'>acl</span> <span class='ocrx_word' id='word_1_186' title='bbox 1481 2072 1627 2101; x_wconf 76' lang='lat' dir='ltr'>unum</span> 
     </span>
     <span class='ocr_line' id='line_1_25' title="bbox 551 2122 1282 2191; baseline 0.004 -21"><span class='ocrx_word' id='word_1_187' title='bbox 551 2122 732 2170; x_wconf 70' lang='lat' dir='ltr'>reditus</span> <span class='ocrx_word' id='word_1_188' title='bbox 764 2125 814 2170; x_wconf 76' lang='lat' dir='ltr'>in</span> <span class='ocrx_word' id='word_1_189' title='bbox 844 2124 1149 2172; x_wconf 76' lang='lat' dir='ltr'>numerando</span> <span class='ocrx_word' id='word_1_190' title='bbox 1173 2132 1282 2191; x_wconf 79' lang='lat' dir='ltr'>fiat.</span> 
     </span>
    </p>
   </div>
   <div class='ocr_carea' id='block_1_6' title="bbox 212 2262 1624 2618">
    <p class='ocr_par' dir='ltr' id='par_1_6' title="bbox 212 2262 1624 2618">
     <span class='ocr_line' id='line_1_26' title="bbox 275 2262 1624 2330; baseline 0.007 -25"><span class='ocrx_word' id='word_1_191' title='bbox 275 2262 377 2306; x_wconf 85' lang='lat' dir='ltr'>XX.</span> <span class='ocrx_word' id='word_1_192' title='bbox 414 2264 476 2307; x_wconf 90' lang='lat' dir='ltr'>M.</span> <span class='ocrx_word' id='word_1_193' title='bbox 503 2263 599 2308; x_wconf 92' lang='lat' dir='ltr'>Hoc</span> <span class='ocrx_word' id='word_1_194' title='bbox 628 2278 734 2324; x_wconf 81' lang='lat' dir='ltr'>ergo</span> <span class='ocrx_word' id='word_1_195' title='bbox 762 2273 983 2325; x_wconf 88' lang='lat' dir='ltr'>quantum</span> <span class='ocrx_word' id='word_1_196' title='bbox 1018 2263 1252 2327; x_wconf 80' lang='lat' dir='ltr'>diligenter</span> <span class='ocrx_word' id='word_1_197' title='bbox 1268 2283 1498 2328; x_wconf 90' lang='lat' dir='ltr'>possumus</span> <span class='ocrx_word' id='word_1_198' title='bbox 1521 2284 1624 2330; x_wconf 87' lang='lat' dir='ltr'>per-</span> 
     </span>
     <span class='ocr_line' id='line_1_27' title="bbox 213 2337 1624 2402; baseline 0.006 -24"><span class='ocrx_word' id='word_1_199' title='bbox 213 2343 461 2379; x_wconf 87' lang='lat' dir='ltr'>scrutemur</span> <span class='ocrx_word' id='word_1_200' title='bbox 477 2370 488 2392; x_wconf 97' lang='lat'>,</span> <span class='ocrx_word' id='word_1_201' title='bbox 507 2351 714 2397; x_wconf 78' lang='lat' dir='ltr'>quaenam</span> <span class='ocrx_word' id='word_1_202' title='bbox 742 2337 795 2381; x_wconf 83' lang='lat' dir='ltr'>sit</span> <span class='ocrx_word' id='word_1_203' title='bbox 828 2338 939 2382; x_wconf 90' lang='lat' dir='ltr'>ratio</span> <span class='ocrx_word' id='word_1_204' title='bbox 971 2347 1022 2383; x_wconf 94' lang='lat' dir='ltr'>ut</span> <span class='ocrx_word' id='word_1_205' title='bbox 1044 2339 1100 2384; x_wconf 83' lang='lat' dir='ltr'>ab</span> <span class='ocrx_word' id='word_1_206' title='bbox 1122 2356 1213 2385; x_wconf 89' lang='lat' dir='ltr'>uno</span> <span class='ocrx_word' id='word_1_207' title='bbox 1234 2356 1374 2402; x_wconf 87' lang='lat' dir='ltr'>usque</span> <span class='ocrx_word' id='word_1_208' title='bbox 1397 2341 1453 2386; x_wconf 89' lang='lat' dir='ltr'>ad</span> <span class='ocrx_word' id='word_1_209' title='bbox 1470 2340 1624 2387; x_wconf 88' lang='lat' dir='ltr'>decem</span> 
     </span>
     <span class='ocr_line' id='line_1_28' title="bbox 212 2407 1624 2467; baseline 0.006 -17"><span class='ocrx_word' id='word_1_210' title='bbox 212 2421 468 2467; x_wconf 80' lang='lat' dir='ltr'>progressus</span> <span class='ocrx_word' id='word_1_211' title='bbox 483 2442 495 2464; x_wconf 95' lang='lat'>,</span> <span class='ocrx_word' id='word_1_212' title='bbox 521 2417 565 2452; x_wconf 89' lang='lat' dir='ltr'>et</span> <span class='ocrx_word' id='word_1_213' title='bbox 579 2407 683 2453; x_wconf 91' lang='lat' dir='ltr'>inde</span> <span class='ocrx_word' id='word_1_214' title='bbox 697 2425 846 2454; x_wconf 84' lang='lat' dir='ltr'>rursus</span> <span class='ocrx_word' id='word_1_215' title='bbox 860 2409 916 2454; x_wconf 86' lang='lat' dir='ltr'>ad</span> <span class='ocrx_word' id='word_1_216' title='bbox 937 2427 1078 2455; x_wconf 90' lang='lat' dir='ltr'>unum</span> <span class='ocrx_word' id='word_1_217' title='bbox 1101 2411 1266 2457; x_wconf 84' lang='lat' dir='ltr'>reditus</span> <span class='ocrx_word' id='word_1_218' title='bbox 1282 2414 1372 2457; x_wconf 83' lang='lat' dir='ltr'>fiat.</span> <span class='ocrx_word' id='word_1_219' title='bbox 1400 2413 1527 2458; x_wconf 87' lang='lat' dir='ltr'>Unde</span> <span class='ocrx_word' id='word_1_220' title='bbox 1548 2414 1624 2458; x_wconf 84' lang='lat' dir='ltr'>abs</span> 
     </span>
     <span class='ocr_line' id='line_1_29' title="bbox 213 2481 1622 2545; baseline 0.005 -24"><span class='ocrx_word' id='word_1_221' title='bbox 213 2486 258 2522; x_wconf 87' lang='lat' dir='ltr'>te</span> <span class='ocrx_word' id='word_1_222' title='bbox 272 2493 425 2538; x_wconf 80' lang='lat' dir='ltr'>quaero</span> <span class='ocrx_word' id='word_1_223' title='bbox 436 2513 447 2534; x_wconf 97' lang='lat'>,</span> <span class='ocrx_word' id='word_1_224' title='bbox 463 2488 616 2524; x_wconf 87' lang='lat' dir='ltr'>utrum</span> <span class='ocrx_word' id='word_1_225' title='bbox 628 2481 751 2542; x_wconf 86' lang='lat' dir='ltr'>quod</span> <span class='ocrx_word' id='word_1_226' title='bbox 762 2484 970 2527; x_wconf 83' lang='lat' dir='ltr'>vocamus</span> <span class='ocrx_word' id='word_1_227' title='bbox 983 2483 1250 2544; x_wconf 86' lang='lat' dir='ltr'>principium</span> <span class='ocrx_word' id='word_1_228' title='bbox 1261 2520 1272 2540; x_wconf 84' lang='lat'>,</span> <span class='ocrx_word' id='word_1_229' title='bbox 1287 2485 1423 2545; x_wconf 84' lang='lat' dir='ltr'>possit</span> <span class='ocrx_word' id='word_1_230' title='bbox 1441 2485 1622 2529; x_wconf 89' lang='lat' dir='ltr'>omnino</span> 
     </span>
     <span class='ocr_line' id='line_1_30' title="bbox 213 2548 1619 2618; baseline 0.005 -24"><span class='ocrx_word' id='word_1_231' title='bbox 213 2549 296 2595; x_wconf 88' lang='lat' dir='ltr'>nisi</span> <span class='ocrx_word' id='word_1_232' title='bbox 310 2548 493 2611; x_wconf 86' lang='lat' dir='ltr'>alicujus</span> <span class='ocrx_word' id='word_1_233' title='bbox 510 2566 600 2598; x_wconf 88' lang='lat' dir='ltr'>esse</span> <span class='ocrx_word' id='word_1_234' title='bbox 612 2552 895 2615; x_wconf 84' lang='lat' dir='ltr'>principium.</span> <span class='ocrx_word' id='word_1_235' title='bbox 909 2557 960 2601; x_wconf 73' lang='lat' dir='ltr'>D,</span> <span class='ocrx_word' id='word_1_236' title='bbox 973 2554 1105 2603; x_wconf 86' lang='lat' dir='ltr'>Nullo</span> <span class='ocrx_word' id='word_1_237' title='bbox 1118 2555 1251 2602; x_wconf 84' lang='lat' dir='ltr'>modo</span> <span class='ocrx_word' id='word_1_238' title='bbox 1263 2566 1420 2618; x_wconf 85' lang='lat' dir='ltr'>potest.</span> <span class='ocrx_word' id='word_1_239' title='bbox 1434 2560 1494 2602; x_wconf 88' lang='grc' dir='ltr'>Μ.</span> <span class='ocrx_word' id='word_1_240' title='bbox 1509 2560 1527 2602; x_wconf 96' lang='grc' dir='ltr'>Ι</span> <span class='ocrx_word' id='word_1_241' title='bbox 1535 2566 1619 2602; x_wconf 90' lang='lat' dir='ltr'>tem</span> 
     </span>
    </p>
   </div>
  </div>
 </body>
</html>
