1883 3194
305 228 326 266 4
337 230 357 268 4
740 244 772 269 s.
810 243 1041 271 AUGUSTINI
1073 242 1257 270 EPISCOPI

302 323 388 351 non
407 317 542 352 cessat
565 306 861 365 frondescere,
894 319 938 353 et
975 309 1123 370 paucis
1146 317 1271 353 acute
1304 323 1354 352 ac
1384 306 1615 367 diligenter
1648 309 1692 351 in

300 378 435 423 densa
456 378 728 423 intuentihus
751 390 968 440 quantum
991 381 1147 425 sinitur
1168 380 1374 424 eminere.
1402 379 1512 424 Inde
1534 388 1597 424 est
1619 378 1692 423 illa

299 450 593 510 hospitalitas,
618 450 722 495 inde
750 452 795 495 in
825 452 1034 497 conviviis
1060 452 1199 497 multa
1229 451 1514 496 humanitatis
1536 450 1693 495 condi-

301 531 465 577 menta,
485 522 588 566 inde
602 523 692 581 ipsa
707 521 936 582 elegantia,
956 523 1087 578 nitor,
1103 521 1390 567 mundissima
1402 521 1530 567 facies
1548 536 1693 566 rerum

301 593 521 648 omnium,
549 602 592 637 et
613 592 811 655 undique
838 603 998 640 cuncta
1028 592 1298 655 perfundens
1320 592 1593 639 adumbratae
1615 607 1694 637 ve-

299 663 481 708 nustatis
502 663 742 710 urbanitas.

301 809 665 828 MMWtMWWWVWVVV

950 809 1694 830 mmlwwvmmwuwnmm

811 943 1032 996 CAPUT
1078 947 1173 995 III.

643 1089 925 1138 Philocczlia
954 1101 1000 1140 et
1022 1090 1350 1154 philosophia.

356 1230 457 1272 VII.
484 1230 749 1273 PfflLocALm
777 1229 858 1274 ista
879 1230 1015 1290 vulgo
1038 1229 1198 1275 dicitur
1224 1248 1234 1275 ι
1258 1245 1314 1274 ne
1336 1237 1590 1274 contemnas
1611 1242 1696 1272 no-

298 1314 398 1342 men
417 1299 501 1344 hoe
525 1315 574 1344 ex
595 1299 714 1359 vulgi
735 1301 915 1345 nomine
941 1321 949 1346 :
976 1316 1077 1345 nam
1098 1299 1331 1361 philocalia
1348 1309 1393 1345 et
1418 1298 1697 1360 philosophia

297 1384 434 1428 prope
452 1370 649 1413 similiter
667 1371 989 1428 cognominatae
1010 1379 1136 1425 sunt,
1167 1379 1211 1414 et
1233 1370 1356 1431 quasi
1379 1369 1562 1429 gentiles
1584 1369 1698 1412 inter

297 1455 341 1483 se
361 1439 500 1484 videri
522 1438 696 1495 volunt,
723 1449 767 1484 et
778 1449 895 1484 sunt.
915 1439 1033 1493 Quid
1047 1449 1111 1484 est
1124 1440 1240 1484 enim
1257 1439 1562 1500 philosophia?
1576 1453 1698 1483 amor

298 1510 536 1569 sapientiae.
573 1510 693 1563 Quid
716 1510 980 1570 philocalia?
1006 1526 1127 1555 amor
1153 1510 1511 1570 pulchritudinis.
1538 1512 1698 1563 Quaere

298 1579 352 1624 dc
362 1581 394 1624 G
404 1580 538 1624 raecis.
552 1579 670 1633 Quid
682 1596 784 1640 ergo
798 1581 1035 1641 sapientia?
1047 1596 1194 1626 nonne
1206 1582 1299 1641 ipsa
1311 1597 1411 1627 vera
1426 1591 1490 1626 est
1501 1580 1698 1642 pulchri-

298 1650 434 1695 tudo?
448 1653 676 1695 Germanae
695 1652 829 1710 igitut
847 1652 938 1697 istac
953 1662 1056 1697 sunt
1071 1668 1264 1712 prorsus,
1290 1662 1333 1697 et
1346 1651 1502 1697 eodeni
1515 1652 1697 1712 parente

299 1724 558 1782 procreatae1
584 1742 593 1768 :
619 1722 696 1767 sed
716 1722 791 1767 illa
814 1723 930 1768 visco
959 1722 1151 1767 libidinis
1180 1724 1421 1769 detractam
1444 1722 1559 1769 coelo
1589 1738 1693 1778 suo,

298 1803 340 1837 et
358 1793 524 1837 inclusa
545 1809 674 1838 cavea
693 1793 916 1855 populari,
935 1794 1139 1839 viciniam
1154 1804 1302 1839 tamen
1319 1795 1508 1840 nominis
1525 1795 1694 1850 tenuit,

299 1863 355 1907 ad
377 1864 749 1909 commonendum
769 1881 986 1925 aucupem
1003 1881 1059 1909 ne
1075 1880 1119 1909 se
1136 1874 1403 1910 contemnat.
1423 1868 1546 1910 Hanc
1563 1865 1697 1924 igitur

297 1934 390 1978 sine
406 1935 560 1995 pennis
593 1934 861 1980 sordidatam
894 1945 937 1981 et
969 1946 1171 1995 egentem
1199 1935 1387 1981 volitans
1415 1936 1552 1981 libere
1577 1951 1698 1980 soror

298 2021 412 2066 saepe
435 2007 651 2065 agnoscit,
690 2005 766 2051 sed
802 2022 900 2051 raro
939 2006 1097 2052 liberat
1136 2028 1145 2053 :
1187 2023 1278 2052 non
1316 2007 1434 2052 enim
1464 2006 1696 2068 philocalia

297 2077 377 2120 ista
410 2076 530 2121 unde
554 2093 691 2136 genus
725 2076 860 2122 ducat
881 2078 1101 2137 agnoscit,
1127 2078 1208 2122 nisi
1233 2078 1526 2138 philosophia.
1552 2081 1694 2132 Quam

298 2157 435 2192 totam
458 2148 658 2193 fabulam
679 2150 696 2207 (
719 2164 819 2193 nam
842 2149 989 2194 subito
1012 2152 1200 2209 AEsopus
1218 2149 1360 2195 faetus
1382 2165 1481 2194 sum
1502 2151 1519 2207 )
1538 2150 1695 2193 Licen-

299 2219 383 2262 tius
416 2219 493 2263 tibi
516 2219 708 2264 carmine
731 2220 905 2264 suavius
933 2220 1147 2266 iudicabit
1170 2241 1179 2266 :
1204 2224 1333 2280 poeta
1356 2229 1420 2264 est
1442 2220 1558 2264 enim
1583 2235 1696 2279 pene

298 2289 533 2349 perfectus.
559 2294 676 2349 Ergo
694 2290 788 2346 ille⁷
815 2291 1009 2335 siveram
1031 2290 1408 2352 pulchritudinem
1431 2293 1555 2352 cujus
1576 2289 1695 2336 falsae

300 2370 467 2405 amator
489 2370 553 2406 est
571 2397 581 2416 7
618 2362 776 2405 sanatis
797 2361 1110 2423 renudatisque
1133 2361 1365 2423 paululum
1388 2362 1526 2407 oculis
1548 2372 1695 2423 posset

300 2432 483 2486 intueri7
509 2442 674 2492 quanta
685 2431 912 2492 voluptate
935 2432 1223 2493 philosophia:
1244 2433 1407 2490 gremio
1430 2449 1474 2477 se
1497 2432 1695 2478 involve-

301 2505 391 2546 ret?
413 2502 646 2555 Quomodo
668 2503 731 2546 ihi
754 2512 796 2547 te
819 2504 1069 2563 cognitum,
1094 2504 1205 2549 sicut
1218 2518 1375 2549 verum
1395 2503 1575 2550 fratrem
1597 2519 1692 2549 am-

349 2607 358 2622 ·
376 2603 519 2634 Retract.
539 2610 611 2644 cap.
637 2612 668 2642 ι,
693 2612 726 2633 n.
749 2601 780 2633 3.
