1888 3168
312 183 396 223 2-10
743 193 775 219 s.
812 191 1041 219 Atocs‘rmi
1079 191 1259 218 El'lscort

311 357 449 387 §538¹ka
453 357 521 373 §ww
526 355 805 372 ΛΝἏΒΎᾺΜἏΜ
811 355 947 372 {amm
953 355 1021 372 δνῑὶ
1025 354 1305 371 Μωωὶω
1309 353 1693 371 ἋΜΜἏΜΜΝΜῪἏ

807 486 1025 536 CAPUT
1062 488 1198 536 XIV.

313 615 425 663 Nec·
440 628 624 669 somno,
638 627 726 658 nec
740 608 1016 674 hujusmodi
1027 610 1241 670 corporis
1255 608 1513 674 affectione
1525 609 1702 655 animae

861 697 958 727 vim
980 697 1144 727 mmm.

372 825 542 868 XXIII.
572 824 616 867 SI
635 820 766 879 igitur
782 835 862 865 nec
877 820 1050 880 propria
1061 818 1303 875 voluntate,
1319 834 1399 864 nec
1421 818 1505 864 alio
1522 827 1703 878 cogente

311 893 358 939 id
375 894 545 938 animus
562 892 742 953 patitur,
762 890 880 935 unde
899 890 946 935 id
962 891 1052 951 pati
1067 892 1238 951 potest?
1256 906 1311 935 an
1327 890 1429 951 quia
1451 890 1608 935 invitos
1625 905 1704 935 nos

313 966 572 1027 plerumque
595 963 802 1024 opprimit
823 979 1001 1007 somnus
1016 998 1027 1018 ,
1048 961 1338 1007 metuendum
1360 971 1425 1007 est
1445 978 1501 1006 ne
1517 977 1606 1023 quo
1629 960 1705 1006 tali

314 1038 492 1083 defectu
514 1038 683 1082 animus
710 1044 990 1081 convertatur
1020 1035 1067 1079 in
1090 1036 1272 1095 corpus?
1300 1035 1433 1088 Quasi
1465 1050 1568 1079 vero
1591 1050 1705 1095 quo-

314 1110 432 1153 niam
460 1124 612 1153 somno
641 1108 838 1152 membra
860 1115 1006 1151 nostra
1033 1115 1327 1161 marcescunt,
1351 1104 1515 1151 idcirco
1537 1105 1707 1150 animus

313 1181 390 1224 fiat
411 1179 500 1224 ulla
524 1196 574 1223 ex
594 1188 717 1239 parte
739 1177 938 1222 debilior.
980 1176 1206 1222 Sensibilia
1236 1186 1409 1221 tantum
1438 1192 1530 1221 non
1550 1176 1704 1232 sentit,

314 1252 417 1312 quia
446 1249 663 1311 quidquid
691 1248 803 1293 illud
831 1258 895 1293 est
925 1247 1048 1309 quod
1073 1263 1278 1293 somnum
1299 1248 1429 1304 facit,
1471 1264 1494 1292 e
1527 1263 1708 1308 corpore

316 1332 380 1367 est
398 1331 529 1382 atque
551 1321 598 1364 in
621 1335 801 1380 corpore
825 1328 1045 1379 operatur.
1073 1321 1315 1379 Corporeos
1333 1319 1450 1363 enim
1466 1334 1615 1363 sensus
1636 1334 1708 1363 so-

315 1394 380 1454 pit
403 1403 446 1437 et
468 1391 632 1437 claudit
654 1391 847 1452 quodam
867 1391 1022 1446 modo,
1063 1391 1122 1435 ita
1160 1406 1262 1435 sane
1286 1400 1336 1435 ut
1363 1390 1440 1435 tali
1462 1399 1710 1435 commuta-

317 1466 425 1511 tioni
443 1464 634 1524 corporis
651 1462 778 1508 cedat
800 1463 943 1506 anima
961 1478 1061 1506 cum
1077 1462 1303 1521 voluptate
1320 1482 1331 1519 3
1349 1462 1451 1522 quia
1468 1461 1711 1506 secundum

318 1546 520 1581 naturam
559 1543 623 1578 est
644 1532 741 1578 talis
769 1532 1054 1578 commutatio
1079 1547 1178 1592 quae
1202 1532 1343 1576 reficit
1357 1547 1515 1592 corpus
1538 1547 1563 1575 a
1582 1530 1710 1576 labo-

318 1607 439 1652 ribus
462 1626 471 1652 :
497 1621 587 1650 non
609 1614 757 1649 tamen
778 1605 874 1648 haec
890 1602 1043 1647 adimit
1056 1602 1201 1647 animo
1221 1602 1292 1647 vel
1305 1601 1522 1646 sentiendi
1538 1601 1627 1647 vim
1641 1601 1712 1647 vel

317 1676 606 1738 intelligendi.
631 1679 742 1722 Nam
764 1685 808 1719 et
838 1675 1045 1732 imagines
1076 1673 1346 1718 sensibilium
1368 1683 1526 1733 praesto
1548 1674 1709 1730 habet,

318 1759 440 1796 tanta
471 1748 741 1809 expressione
774 1743 1068 1790 similitudinis
1085 1779 1096 1800 ‚
1128 1754 1178 1789 ut
1206 1759 1258 1789 eo
1280 1744 1374 1804 ipso
1404 1753 1601 1805 tempore
1622 1745 1711 1789 dis-

320 1822 439 1868 cerni
461 1827 684 1880 nequeant
708 1817 847 1862 abhis
870 1816 1000 1860 rebus
1018 1831 1207 1876 quarum
1228 1816 1434 1873 imagines
1456 1825 1560 1859 sunt
1585 1835 1594 1860 2
1619 1825 1663 1860 et
1679 1817 1714 1861 si

320 1891 430 1954 quid
462 1889 693 1948 intelligit.
734 1903 860 1948 aeque
891 1886 1125 1931 dormienti
1147 1901 1196 1930 ac
1231 1885 1431 1945 vigilanti
1457 1901 1610 1931 verum
1630 1896 1709 1932 est.

320 1968 453 2019 Nam,
488 1960 611 2007 verbi
635 1959 795 2019 gratia,
835 1958 870 2002 si
899 1973 976 2018 per
1009 1958 1227 2002 somnium
1250 1956 1471 2017 disputare
1494 1957 1577 2002 sibi
1597 1958 1713 2003 visus

321 2035 476 2089 fuerit,
506 2046 717 2092 verasque
740 2029 927 2074 rationes
961 2038 1134 2073 secutus
1157 2028 1203 2072 in
1223 2027 1487 2088 disputando
1514 2028 1715 2073 didicerit

323 2104 516 2168 aliquid,
541 2104 671 2148 etiam
699 2099 1000 2161 expergefacto
1026 2100 1192 2144 eaedem
1216 2099 1598 2144 incommutabiles
1619 2116 1714 2145 ma-

324 2188 431 2223 nent
453 2198 461 2222 :
487 2175 683 2238 quamvis
706 2172 810 2218 salsa
840 2172 1113 2233 reperiantur
1135 2182 1289 2217 caetera
1304 2207 1314 2227 ,
1339 2171 1476 2217 veluti
1496 2171 1617 2217 locus
1635 2172 1714 2217 ubi

325 2247 559 2309 disputatio
576 2282 586 2302 ‚
608 2254 651 2290 et
671 2259 853 2305 persona
872 2259 973 2287 cum
991 2260 1078 2304 qua
1101 2243 1335 2304 disputatio
1354 2241 1486 2287 fuisse
1498 2243 1589 2288 visa
1603 2252 1709 2299 erat,

325 2330 368 2365 et
400 2320 532 2363 verba
562 2318 654 2378 ipsa
688 2315 809 2377 quod
832 2314 887 2359 ad
909 2331 1065 2359 sonum
1103 2315 1277 2370 attinet,
1318 2314 1478 2375 quibus
1501 2314 1712 2375 disputari

324 2391 580 2444 videbatur,
603 2398 645 2432 et
661 2387 742 2432 3113
764 2385 1082 2447 hujuscemodi,
1104 2402 1202 2446 quae
1225 2385 1354 2429 etiam
1373 2401 1472 2430 cum
1494 2385 1594 2446 ipsis
1611 2402 1711 2430 sen-

326 2463 444 2507 sibus
466 2460 715 2505 sentiuntur
743 2467 1020 2518 agunturque
1054 2473 1077 2501 a
1107 2456 1409 2515 vigilantibus,
1446 2466 1713 2517 praetereunt

329 2544 496 2588 tamen⁷
523 2548 601 2577 1100
631 2531 720 2575 11113
753 2546 801 2574 ex
824 2539 944 2590 parte
967 2528 1274 2589 sempiternam
1295 2529 1571 2590 praesentiam
1586 2545 1710 2574 vera-
