1852 3163
242 176 324 215 166
569 222 585 232 x
673 183 708 212 s.
745 184 977 213 Aucosnm
1010 185 1192 214 1⁴:1²1scom

236 263 407 300 motum
435 251 569 297 animi
597 267 698 298 cum
725 251 1003 314 objurgarem
1031 251 1299 313 gravioribus
1327 252 1469 298 verbis
1485 288 1498 308 ,
1523 265 1626 298 eru-

231 325 331 372 buit
348 340 454 387 :qua
475 324 566 386 ejus
586 323 919 385 perturbatione
939 322 1226 370 animadverti
1242 321 1459 369 ridentem
1469 321 1627 370 laetan-

231 406 412 459 temque
434 395 716 456 Trygefium,
740 397 798 440 Et
819 394 1058 440 ambobus:
1083 397 1225 440 Ita-ne
1253 394 1397 455 agitis,
1420 393 1622 458 inquam,

229 470 389 516 Nonne
409 482 485 513 vos
505 475 654 512 movet
674 465 836 527 quibus
856 464 1066 510 vitiorum
1083 465 1273 513 molibus
1295 475 1428 529 atque
1448 463 1630 527 imperi-

232 541 305 587 tiae
328 537 518 585 tenebris
536 552 787 598 premamur
807 544 852 582 et
872 536 1201 597 cooperiamur?
1225 538 1429 584 Haeccine
1458 545 1523 583 est
1556 533 1630 581 illa

231 612 364 674 paulo
387 619 487 655 ante
514 618 656 656 vestra
670 644 681 666 ,
708 608 763 654 de
785 624 871 670 qua
897 610 1071 669 ineptus
1092 606 1296 666 laetabar,
1317 609 1500 655 attentio
1521 617 1566 654 et
1585 608 1631 652 in

231 688 374 729 Deum
389 682 706 743 veritatemque
736 681 972 726 surrectio?
995 682 1032 726 Ο
1055 681 1089 725 si
1110 680 1328 737 videritis,
1346 681 1418 726 vel
1434 690 1524 726 tam
1543 680 1631 741 lip-

230 755 454 818 pientibus
477 753 613 799 oculis
635 769 770 815 quam
789 769 892 813 ego,
913 753 959 797 in
981 753 1143 814 quibus
1164 752 1368 814 periculis
1385 754 1628 814 jaceamus,

231 830 356 889 cujus
377 827 522 873 morbi
539 826 808 871 dementiam
835 826 943 871 risus
966 826 1046 871 iste
1062 824 1249 871 indicet!
1275 827 1313 870 Ο
1350 825 1385 870 si
1406 825 1601 870 videritis
1618 859 1629 880 ,

231 917 366 963 quam
389 901 500 955 cito,
526 913 659 960 quam
677 898 844 954 statim,
865 907 1122 959 quantoque
1139 897 1396 958 productius
1418 912 1519 942 eum
1539 911 1634 941 ver-

235 972 384 1017 teretis
401 970 446 1015 in
470 969 620 1015 fletus!
642 969 789 1015 Miseri
812 969 984 1014 nescitis
998 969 1076 1013 ubi
1091 971 1271 1014 sumus?
1293 971 1519 1013 Demersos
1541 966 1637 1028 qui-

231 1043 335 1088 dem
356 1058 445 1087 esse
469 1042 636 1086 animos
658 1040 857 1085 omnium
872 1040 1109 1085 stultorum
1131 1039 1500 1100 indoctorumque
1513 1053 1636 1084 com-

231 1130 367 1159 mune
385 1123 471 1169 est,
488 1112 565 1158 sed
586 1128 677 1157 non
694 1127 785 1156 uno
805 1120 938 1172 atque
955 1110 1112 1156 eodem
1132 1110 1265 1156 modo
1287 1110 1492 1155 demersis
1506 1124 1636 1171 opem

232 1185 443 1246 sapientia
465 1194 509 1226 et
530 1199 713 1228 manum
733 1183 933 1244 porrigit.
961 1182 1048 1228 Alii
1069 1192 1196 1239 sunt,
1223 1181 1413 1239 credite,
1438 1181 1512 1226 alii
1533 1190 1637 1227 sunt

233 1257 312 1319 qui
329 1270 501 1301 sursum
517 1262 747 1308 vocantur,
764 1254 836 1296 alii
850 1255 927 1312 qui
944 1255 989 1299 iu
1003 1254 1224 1312 profunda
1240 1255 1459 1300 laxantur.
1473 1252 1634 1310 Nolite,

234 1330 417 1376 obsecro
435 1343 535 1383 vos,
563 1325 786 1386 geminare
802 1323 910 1368 mihi
932 1323 1138 1368 miserias.
1166 1327 1275 1368 Satis
1302 1326 1412 1367 mihi
1432 1325 1519 1368 sint
1535 1324 1638 1369 vul-

237 1418 343 1448 nera
376 1416 496 1456 mea,
523 1415 622 1461 quae
656 1407 708 1442 ut
736 1406 969 1452 sanentur,
1013 1410 1126 1456 pene
1159 1394 1426 1456 quotidianis
1460 1394 1638 1440 fletibus

234 1479 375 1521 Deum
399 1488 578 1532 rogans,
612 1469 907 1529 indigniorem
934 1477 1078 1513 tamen
1111 1482 1201 1512 esse
1222 1482 1314 1523 me,
1339 1466 1417 1528 qui
1438 1475 1529 1511 tam
1550 1467 1637 1513 cito

234 1562 360 1593 saner
373 1560 505 1607 quam
521 1542 638 1598 volo,
651 1557 764 1602 saepe
773 1540 1026 1600 memetipse
1039 1538 1268 1584 convinco.
1281 1537 1425 1584 Nolite
1434 1537 1634 1594 obsecro,

236 1619 270 1663 si
293 1616 401 1679 quid
422 1616 529 1660 mihi
551 1613 731 1669 amoris,
761 1612 795 1657 si
812 1610 918 1672 quid
943 1609 1275 1656 necessitudinis
1299 1608 1489 1666 debetis,
1512 1610 1547 1654 si
1566 1610 1638 1654 in-

234 1690 431 1750 telligitis
454 1697 671 1750 quantum
699 1702 775 1730 vos
799 1685 999 1744 diligam,
1032 1683 1185 1745 quanti
1215 1682 1393 1739 faciam,
1420 1691 1638 1744 quantum

235 1778 307 1807 me
324 1778 427 1806 cura
450 1761 637 1819 exagitet
654 1774 828 1803 morum
852 1766 1121 1812 vestrorum,
1143 1755 1176 1800 si
1199 1754 1358 1815 dignus
1384 1770 1482 1799 sum
1504 1770 1638 1815 quem

236 1849 327 1878 non
344 1831 572 1891 negligatis
585 1866 595 1884 ,
614 1831 647 1873 si
672 1830 863 1890 denique
878 1832 968 1873 Deo
986 1837 1094 1872 teste
1107 1843 1197 1872 non
1208 1826 1395 1871 mentior
1408 1861 1418 1881 ,
1437 1825 1547 1870 nihil
1568 1840 1638 1870 me

237 1903 336 1965 plus
363 1902 472 1946 mihi
494 1909 645 1961 optare
667 1915 801 1960 quaun
815 1899 960 1950 vobis,
982 1896 1208 1956 rependite
1226 1896 1335 1941 mihi
1354 1896 1634 1942 beneficium.

237 1979 296 2021 Et
315 1974 349 2019 si
372 1989 443 2017 me
464 1972 719 2030 magistrum
740 1967 930 2011 libenter
950 1967 1132 2022 vocatiS,
1151 1966 1321 2010 reddite
1342 1966 1449 2010 mihi
1472 1981 1640 2012 merce-

239 2047 341 2092 dem
359 2043 496 2089 :Boni
519 2051 671 2086 estote.

296 2117 439 2161 XXX.
477 2113 558 2158 Hic
571 2113 717 2157 ubine
733 2111 861 2172 plura
878 2110 1069 2155 dicerem
1081 2145 1091 2165 ,
1111 2109 1316 2168 lacrymae
1332 2109 1441 2154 mihi
1455 2109 1639 2154 modum

235 2192 563 2250 imposuerunt,
584 2185 806 2230 Licentius
826 2183 1127 2229 molestissime
1157 2182 1323 2237 ferens,
1349 2182 1471 2243 quod
1492 2183 1637 2227 omnia

235 2261 567 2307 scribebantur:
594 2255 712 2311 Quid
734 2256 877 2312 enim,
905 2256 989 2311 ait,
1027 2253 1209 2300 fecimus
1247 2269 1323 2298 oro
1354 2255 1422 2298 te?
1454 2252 1634 2309 Adhuc,

238 2335 440 2394 inquam,
466 2346 547 2376 nec
571 2328 715 2374 fateris
739 2328 891 2373 saltem
913 2336 1143 2388 peccatum
1166 2327 1322 2370 tuum?
1345 2328 1411 2370 Tu
1434 2325 1572 2370 nescis
1594 2326 1639 2370 in

235 2404 329 2449 illa·
351 2401 497 2447 schola
522 2401 707 2461 graviter
727 2415 797 2443 me
820 2398 1080 2444 stomachari
1119 2396 1318 2453 solitum,
1356 2396 1477 2458 quod
1499 2412 1637 2457 usque

235 2475 494 2535 adeo'pucri
514 2489 605 2518 non
632 2471 820 2517 utilitate
845 2481 978 2532 atque
1003 2471 1160 2515 decore
1184 2468 1538 2530 disciplinarum,
1562 2467 1640 2513 sed

228 2546 499 2592 'inanissimae
521 2544 662 2591 laudis
684 2559 830 2589 amore
848 2541 1137 2599 ducerentur,
1178 2552 1227 2588 ut
1259 2541 1479 2603 quosdam,
1507 2541 1638 2590 etiam
