1852 3163
316 138 372 178 96
783 145 816 174 5.
853 144 1081 175 Auccs‘rim
1114 147 1295 175 nriscom

312 230 357 259 se
374 226 583 274 qmerere.
611 210 741 265 Quod
771 212 805 256 si
828 210 971 257 adhuc
992 227 1066 257 vos
1090 211 1383 257 adolescentes
1405 212 1606 271 ignotum
1627 212 1707 257 ha-

312 285 451 340 betis,
476 293 592 329 certe
621 283 667 327 in
700 285 930 329 Hortensio
955 283 1124 343 legitis:
1153 284 1195 329 Si
1227 284 1360 342 igitur
1398 298 1478 328 nec
1515 283 1620 329 certi
1642 293 1707 329 est

311 355 558 418 quidquam
570 391 581 412 ,
602 371 681 400 ncc
691 355 858 415 opinari
873 355 1076 416 sapientis
1091 364 1170 411 cst,
1186 355 1296 400 nihil
1313 370 1512 417 unquam
1539 355 1707 416 sapiens

312 427 617 488 approbabit¹.
648 424 772 471 Unde
809 425 1088 471 manifestum
1110 435 1174 471 cst
1205 441 1278 472 eos
1315 426 1370 472 de
1392 427 1587 487 sapiente
1622 425 1707 472 illis

312 501 400 545 suis
417 498 787 560 disputationibus
813 507 966 543 contra
987 514 1095 559 quas
1117 498 1299 543 nitimur
1314 514 1525 560 quaerere.

371 573 560 616 XXXII.
596 572 713 629 Ergo
733 569 919 614 arbitror
939 584 1018 628 ego
1040 569 1224 629 sapienti
1244 579 1409 615 certam
1424 585 1515 615 esse
1535 569 1706 630 sapien-

312 643 440 698 tiam,
465 641 510 686 id
531 649 615 697 est,
636 641 875 701 sapientem
901 640 1141 702 percepisse
1163 641 1435 701 sapientiam.
1460 644 1519 687 Et
1540 640 1598 686 ob
1622 641 1706 687 hoc

312 730 414 760 eum
443 730 534 759 non
566 712 735 774 opinari
771 729 872 758 cum
909 714 1141 758 assentitur
1182 713 1419 774 sapientiae.
1463 713 1707 758 Assentitur

310 786 428 831 enim
453 785 491 829 ci
524 785 584 829 rei
601 820 611 840 ,
637 800 769 845 quam
792 784 825 828 si
853 800 943 828 non
965 783 1249 844 percepisset,
1276 785 1444 845 sapiens
1465 799 1556 828 non
1578 793 1702 828 esset.

310 860 400 903 Nec
421 856 490 901 isti
512 871 780 916 quemquam
811 871 901 899 non
924 854 1084 899 debere
1107 855 1324 911 assentiri,
1350 855 1432 899 nisi
1452 855 1583 899 rebus
1606 871 1706 915 quac

306 943 400 972 non
418 935 599 987 possunt
620 926 806 986 percipi,
833 925 1067 970 affirmant.
1085 927 1184 971 Non
1201 934 1350 970 autem
1371 925 1581 985 sapientia
1598 924 1706 971 nihil

311 1008 391 1043 cst.
410 999 522 1043 Cum
547 997 677 1055 igitur
695 1005 738 1040 et
758 997 838 1040 scit
854 996 1111 1056 sapientiam
1129 1005 1172 1040 et
1194 995 1426 1041 assentitur
1457 996 1703 1056 sapientiae,

309 1084 454 1130 neque
471 1067 581 1111 nihil
607 1067 711 1122 scit,
742 1083 886 1127 neque
907 1065 1018 1110 nulli
1039 1067 1100 1110 rei
1123 1067 1291 1126 sapiens
1313 1066 1571 1112 assentitur:
1599 1066 1708 1127 quid

311 1139 496 1200 amplius
516 1137 676 1183 vntris?
699 1141 767 1182 An
790 1137 844 1181 dc
864 1137 940 1181 illo
957 1153 1100 1182 errore
1113 1137 1279 1198 aliquid
1293 1138 1551 1199 quaerimus,
1572 1153 1706 1199 quem

311 1211 466 1256 dicunt
487 1209 661 1270 penitus
685 1207 856 1263 evitari,
876 1208 909 1251 si
930 1208 980 1251 in
998 1207 1168 1252 nullam
1190 1223 1279 1252 rem
1300 1209 1494 1258 animum.
1516 1208 1707 1257 declinet

306 1281 497 1327 assensio
515 1283 533 1325 P
554 1284 683 1326 Errat
700 1279 838 1334 enim,
863 1278 1096 1339 inquiunt,
1117 1278 1314 1340 quisquis
1338 1289 1426 1325 non
1448 1278 1589 1329 solum
1613 1284 1706 1323 rein

309 1354 485 1409 salsam,
511 1352 587 1397 sed
607 1352 738 1396 etiam
773 1350 977 1406 dubiam,
1002 1351 1200 1410 quamvis
1222 1366 1323 1396 vera
1343 1351 1438 1406 sit,
1461 1350 1701 1411 approbat:

305 1424 421 1470 -nihil
446 1433 594 1468 autem
616 1421 737 1484 quod
765 1421 951 1466 dubium
973 1436 1064 1465 non
1084 1421 1138 1465 sit
1157 1420 1348 1473 invenio.
1372 1424 1431 1469 At
1451 1421 1618 1471 invenit
1639 1437 1714 1468 sa-.

311 1496 432 1558 piens
450 1496 608 1556 ipsam,
624 1503 676 1539 ut
698 1493 950 1538 dicebamus
965 1528 976 1549 ,
999 1491 1292 1553 sapien-tia1n.·

309 1668 311 1674 Ι
360 1632 370 1649 ¹
387 1624 571 1661 Academic.
590 1627 702 1669 quaest.
721 1622 742 1657 l.
763 1635 795 1656 iv
808 1648 818 1668 ,
836 1623 922 1657 circa
939 1621 1090 1656 medium.
1144 1664 1146 1666 Ι
