1888 3168
293 212 375 248 512
729 216 763 246 s.
800 217 1029 249 AUGUs'i'tNI
1063 221 1242 250 Eriscom

293 285 479 330 rioribus
507 282 770 329 sordidatur.
795 285 924 339 Quod
949 295 1092 331 autem
1122 285 1241 331 illam
1263 286 1476 343 sordidat,
1507 303 1596 334 non
1617 298 1681 334 est

293 355 479 412 malum3
504 355 607 416 quia
623 355 754 400 etiam
775 372 931 416 corpus
949 366 1145 401 creatura
1173 357 1252 402 Dei
1273 366 1352 413 est.
1378 367 1421 402 et
1442 358 1583 418 specie
1606 375 1680 404 sua

292 426 488 486 quamvis
511 426 659 470 infima
681 426 926 482 decoratur,
955 426 1031 472 sed
1053 443 1143 488 prae
1167 428 1322 473 animae
1345 427 1557 487 dignitate
1574 445 1681 474 con-

294 498 505 543 temnitur
525 517 532 542 z
559 497 685 543 sicuti
708 499 801 543 auri
823 499 1026 558 dignitas,
1047 500 1179 544 etiam
1202 500 1493 560 purgatissimi
1516 501 1684 560 argenti

293 569 601 614 commixtione
624 569 846 614 sordescit.
873 572 1150 631 Quapropter
1171 571 1441 632 quicumque
1463 570 1517 616 de
1539 580 1686 616 nostra

293 656 470 702 quoque
499 641 663 700 poenali
697 639 959 685 mortalitate
995 642 1167 686 numeri
1195 641 1299 687 facti
1335 652 1458 699 sunt,
1489 659 1580 689 non
1615 657 1687 688 eos

294 711 546 756 abdicemus
568 728 591 756 a
614 710 900 756 fabricatione
917 711 1077 757 divinae
1091 713 1392 772 providentiae,
1419 729 1520 759 eum
1539 713 1687 759 sintin

298 799 454 843 genere
476 799 555 829 suo
595 782 768 843 pulchri
794 802 804 828 ι
842 798 984 845 neque
1017 799 1211 829 amemus
1235 800 1328 841 eos,
1357 794 1408 830 ut
1428 785 1551 846 quasi
1587 800 1688 846 per-

296 854 484 900 {ruendo
522 854 684 899 talibus
719 855 834 900 beati
865 855 1121 901 efficiamur.
1158 856 1233 902 His
1254 856 1415 901 etenim
1429 891 1440 912 ‚
1479 856 1688 917 quoniam

295 927 554 988 temporales
596 936 722 983 sunt,
763 937 972 989 tanquam
1009 926 1161 973 tabula
1192 928 1238 973 in
1272 929 1480 974 fluctibus
1494 964 1505 984 ,
1545 943 1689 989 neque

297 997 542 1059 abjiciendo
565 998 689 1059 quasi
707 1013 928 1055 onerosos,
953 1013 1098 1060 neque
1119 999 1424 1060 amplectendo
1442 999 1565 1061 quasi
1583 997 1688 1043 fun-

296 1068 442 1123 datos,
487 1067 564 1113 sed
598 1069 713 1114 bene
737 1069 904 1114 utendo
947 1069 1205 1115 carebimus.
1230 1073 1269 1114 A
1290 1069 1522 1115 dilectione
1545 1078 1690 1114 autem

296 1140 479 1200 proximi
521 1149 641 1186 tanta
678 1150 843 1202 quanta
866 1141 1134 1202 praecipitur,
1161 1142 1421 1187 certissimus
1452 1141 1610 1201 gradus
1640 1142 1691 1186 fit

297 1210 440 1265 nobis,
461 1219 512 1254 ut
529 1210 820 1256 inhaereamus
837 1215 946 1267 Deo‚
965 1221 1008 1256 et
1024 1227 1114 1257 non
1134 1221 1362 1257 teneamur
1384 1221 1556 1257 tantum
1573 1211 1693 1257 ordi-

297 1281 474 1326 natione
494 1279 631 1335 iUius,
666 1281 742 1327 sed
764 1291 964 1327 nostrum
997 1283 1126 1327 etiam
1160 1283 1358 1330 ordinem
1384 1284 1691 1330 inconcussum

297 1361 557 1413 certumque
578 1361 820 1397 teneamus.

357 1426 538 1468 XLVII.
556 1426 625 1468 An
635 1423 817 1469 fortasse
835 1424 1034 1470 ordinem
1052 1440 1142 1470 non
1153 1423 1297 1485 diligit
1307 1425 1449 1469 anima
1467 1423 1551 1469 illis
1562 1425 1693 1469 etiam

299 1495 493 1540 numeris
515 1494 790 1541 sensualibus
814 1495 1148 1540 attestantibus?
1166 1494 1291 1539 Unde
1308 1509 1409 1554 ergo
1430 1495 1596 1555 primus
1618 1511 1693 1556 pes

302 1576 366 1612 est
393 1566 695 1627 pyrrhichius,
734 1564 952 1610 secundus
974 1566 1168 1621 iambus,
1194 1566 1346 1611 tertius
1376 1566 1615 1623 trochaeus,
1650 1575 1695 1612 et

301 1637 506 1698 deinceps
529 1637 704 1682 caeteri?
729 1636 814 1682 Sed
824 1636 923 1697 jure
946 1637 1030 1682 hoc
1050 1635 1205 1681 dixeris
1234 1637 1447 1683 rationem
1464 1637 1609 1698 potius
1625 1653 1693 1683 se-

302 1719 449 1755 cutam
471 1724 561 1753 esse
576 1743 588 1763 ,
614 1723 704 1753 11011
725 1723 915 1753 sensum.
942 1707 1061 1761 Quid
1082 1708 1259 1769 itaque,
1290 1708 1401 1753 illud
1428 1725 1576 1754 nonne
1597 1725 1695 1755 sen-

301 1781 494 1827 sualibus
508 1781 699 1826 numeris
721 1780 920 1825 dandum
938 1789 1017 1836 est,
1043 1779 1165 1841 quod
1181 1795 1282 1825 011111
1295 1788 1469 1825 tantum
1488 1781 1695 1841 temporis

303 1862 542 1913 occupent,
565 1852 690 1897 verbi
714 1851 873 1911 gratia,
896 1860 996 1896 octo
1013 1849 1155 1909 longae
1173 1849 1368 1909 syllabae,
1394 1860 1609 1911 quantum
1631 1867 1695 1896 se-

304 1924 446 1969 decim
459 1924 625 1978 breves,
643 1923 689 1966 in
706 1922 861 1969 eodem
875 1922 1013 1983 spatio
1027 1921 1180 1967 breves
1202 1920 1341 1981 longis
1358 1922 1504 1982 potius
1524 1923 1696 1968 misceri

304 1997 564 2055 expectant?
586 1998 648 2039 De
661 2010 749 2054 quo
763 2009 892 2038 sensu
909 2008 1011 2038 cum
1028 1993 1138 2037 ratio
1151 1990 1335 2052 judicat,
1355 2001 1399 2036 et
1416 1993 1454 2037 ei
1467 1993 1696 2053 proceleu-

305 2066 450 2110 matici
473 2064 604 2125 pedes
623 2079 712 2109 esse
733 2063 922 2125 aequales
944 2062 1146 2123 spondeis
1164 2061 1350 2123 pedibus
1366 2064 1691 2121 renuntiantur,

305 2136 414 2181 nihil
437 2135 555 2180 aliud
576 2135 647 2180 hic
666 2134 810 2179 valere
842 2133 1035 2189 invenit,
1063 2148 1196 2193 quam
1227 2132 1510 2179 ordinationis
1538 2143 1695 2194 poten-

307 2207 427 2262 tiam,
453 2206 555 2267 quia
577 2221 656 2250 nec
685 2204 827 2264 longae
850 2204 1027 2263 syllabae
1051 2203 1132 2248 nisi
1150 2204 1348 2249 brevium
1371 2206 1696 2265 comparatione

306 2278 448 2336 longrc
471 2287 589 2333 sunt,
619 2292 699 2321 nec
716 2277 865 2321 breves
888 2290 1059 2320 rursum
1081 2275 1232 2320 breves
1254 2284 1357 2320 sunt
1376 2275 1456 2320 nisi
1474 2292 1702 2337 compara-A

307 2350 426 2395 tione
446 2349 674 2409 longarum
697 2368 705 2392 :
730 2347 918 2409 ideoque
936 2347 1148 2392 iambicus
1161 2362 1310 2393 versus
1332 2347 1576 2409 quamlibet
1589 2364 1695 2408 pro-

308 2422 482 2467 ductius
508 2420 837 2481 pronuntiatus,
860 2436 951 2464 non
972 2420 1122 2464 amissa
1149 2419 1300 2479 regula
1326 2418 1470 2479 simpli
1494 2428 1536 2464 et
1553 2418 1691 2480 dupli,

308 2509 390 2537 nec
408 2507 569 2536 nomen
594 2490 753 2536 amittit
775 2510 783 2535 ε
805 2500 848 2535 at
870 2489 942 2534 ille
967 2506 1113 2535 versus
1134 2489 1210 2550 qui
1231 2490 1487 2550 pyrrhichiis
1509 2489 1694 2550 pedibus

309 2573 492 2619 constat,
526 2562 736 2623 paulatim
760 2561 905 2608 addita
927 2561 1246 2623 pronuntiandi
1275 2577 1421 2618 mora,
1455 2562 1504 2607 fit
1527 2561 1692 2623 repenti
