1888 3168
335 195 417 234 364
792 209 825 235 s.
861 205 1091 238 Anatistrmt
1124 209 1305 238 Emscom

328 273 401 331 qui
425 272 566 331 primo
588 271 685 317 loco
717 273 853 318 habet
876 274 1068 333 longam,
1092 275 1195 335 quia
1217 274 1385 319 sensisti
1407 274 1619 318 unitatem
1642 275 1712 334 ip·-

331 358 423 387 sam
466 342 607 401 longae
638 342 820 401 syllaba}
854 345 1149 405 principatum
1184 355 1332 390 tenere
1355 347 1372 403 (
1380 344 1595 406 siquidem
1631 346 1721 404 ipsa

327 413 388 456 ibi
408 429 493 457 una
516 415 636 471 est),
661 424 705 458 et
727 425 954 475 propterea
979 431 1075 460 eam
1103 415 1263 461 debere
1295 415 1495 461 ordinem
1527 414 1720 474 gignere,

327 494 375 528 ut
400 484 473 528 ille
498 485 551 529 sit
576 486 739 545 primus
763 502 837 547 pcs
869 487 946 531 ubi
974 488 1115 547 prima
1138 488 1229 547 ipsa
1251 497 1329 544 est,
1356 485 1485 532 simul
1508 485 1639 530 etiam
1659 485 1726 530 vi-

326 554 428 599 dere
456 555 653 602 debuisti
677 573 777 602 eum
801 574 890 603 esse
921 558 1165 604 secundum
1197 559 1276 603 ubi
1298 559 1390 619 ipsa
1419 556 1610 604 secunda
1637 566 1722 613 est,

325 642 427 671 eum
456 627 630 673 tertium
669 629 746 673 ubi
768 630 921 674 eadem
942 631 1070 675 tertia
1093 639 1185 676 est:
1211 646 1267 674 an
1290 629 1435 675 adhuc
1468 630 1515 675 in
1536 628 1610 673 illa
1631 644 1730 673 sen-

331 698 466 742 tentia
500 700 770 744 manendum
791 702 952 760 putas?
973 704 1026 746 D.
1062 704 1158 746 Imo
1191 716 1288 746 eam
1325 701 1417 745 sine
1450 699 1727 745 dubitatione

325 769 600 816 condemno:
626 772 745 815 hunc
764 772 881 815 enim
903 787 992 817 esse
1013 771 1239 817 meliorem
1261 771 1476 827 ordinem,
1493 769 1564 816 vel
1580 770 1726 830 potius

328 840 448 885 hunc
471 856 560 885 esse
591 841 807 898 ordinem,
829 844 926 904 quis
954 859 1045 889 non
1067 843 1356 889 assentiatur?
1385 846 1446 888 Μ.
1471 844 1599 889 Nunc
1621 857 1727 902 ergo

325 910 395 956 dic
416 928 502 972 qua
526 928 812 958 numerorum
835 914 986 974 regula
1006 915 1076 960 isti
1099 930 1279 977 quoque
1297 914 1551 959 dividantur
1571 913 1722 974 pedes,

328 998 569 1044 eorumque
589 984 671 1028 sibi
693 995 836 1045 partes
858 985 1159 1031 conferantur.
1186 989 1239 1031 D.
1266 985 1462 1030 Primum
1488 993 1532 1029 et
1553 993 1726 1044 postre-

327 1070 451 1098 mum
485 1054 644 1116 aequali
674 1056 825 1115 regula
854 1056 990 1102 dividi
1011 1057 1163 1113 video,
1182 1057 1285 1118 quia
1309 1065 1353 1101 et
1373 1055 1446 1100 ille
1472 1055 1519 1100 in
1545 1054 1725 1115 longam

329 1135 373 1169 et
405 1125 512 1170 duas
536 1126 705 1182 breves,
731 1136 775 1171 et
795 1127 875 1172 iste
907 1128 953 1172 in
985 1126 1093 1173 duas
1127 1128 1280 1173 breves
1313 1136 1357 1172 et
1388 1126 1567 1186 longam
1588 1125 1727 1171 dividi

328 1206 488 1257 potest,
513 1206 564 1242 ut
598 1197 783 1258 singulae
815 1208 959 1259 partes
990 1199 1184 1244 habeant
1218 1198 1322 1242 bina
1360 1206 1574 1258 tempora,
1599 1205 1643 1241 et
1667 1196 1726 1241 ob

329 1269 413 1314 hoc
454 1269 539 1314 sint
561 1270 766 1330 aequales.
796 1274 848 1315 In
884 1270 1076 1315 secundo
1110 1278 1258 1315 autem
1296 1270 1506 1330 quoniam
1536 1268 1727 1315 mediam

329 1340 464 1384 habet
498 1340 675 1399 longam
709 1340 946 1399 syllabam,
972 1342 1062 1387 sive
1083 1342 1220 1402 priori
1241 1341 1329 1386 sive
1363 1339 1593 1401 posteriori
1614 1339 1728 1400 parti

328 1412 565 1468 tribuatur,
593 1421 669 1457 aut
691 1413 737 1456 in
758 1413 840 1457 tria
864 1421 907 1456 et
929 1428 1086 1467 unum,
1114 1421 1190 1456 aut
1210 1414 1257 1455 in
1278 1427 1419 1456 unum
1442 1421 1486 1455 et
1508 1411 1590 1455 tria
1611 1420 1727 1455 tem-

328 1498 434 1543 pora
456 1483 687 1530 dividitur:
705 1499 753 1528 ae
770 1499 847 1544 per
862 1484 948 1529 hoc
964 1483 1011 1528 in
1028 1484 1119 1544 ejus
1133 1482 1346 1527 divisione
1363 1480 1727 1541 complicatorum

328 1568 615 1598 numerorum
636 1554 747 1598 ratio
767 1553 899 1598 valet.

387 1627 511 1669 VIII.
537 1627 598 1670 Μ.
624 1625 737 1669 Volo
758 1625 867 1668 mihi
883 1626 976 1684 jam
993 1623 1110 1669 dicas
1126 1639 1206 1684 per
1225 1632 1270 1668 te
1290 1624 1380 1684 ipse
1402 1624 1437 1668 si
1456 1632 1580 1684 potes
1596 1657 1608 1679 ,
1626 1631 1728 1683 post

328 1698 442 1757 ipsos
462 1697 539 1757 qui
557 1713 580 1741 a
596 1697 722 1741 nobis
744 1697 916 1740 tractati
941 1705 1045 1741 sunt
1058 1732 1069 1752 ,
1094 1711 1204 1757 quos
1217 1694 1349 1756 pedes
1364 1694 1631 1741 ordinandos
1647 1710 1729 1755 pu-

328 1777 408 1812 tes.
439 1768 630 1812 Tractati
651 1767 769 1811 enim
791 1776 894 1812 sunt
914 1767 1057 1827 primo
1086 1766 1292 1811 binarum
1318 1765 1587 1824 syllabarum
1615 1781 1726 1826 qua-

328 1849 430 1884 tuor
448 1875 459 1895 ,
490 1855 682 1900 quorum
705 1838 813 1884 ordo
843 1838 1003 1883 ductus
1021 1848 1084 1883 est
1106 1855 1131 1883 a
1152 1853 1440 1883 numerorum
1462 1836 1617 1882 ordine
1638 1873 1649 1894 ‚
1674 1846 1726 1882 ut

328 1926 351 1955 a
385 1909 592 1954 brevibus
625 1909 801 1967 syllabis
826 1907 1084 1953 ordiremur.
1117 1908 1285 1954 Deinde
1302 1910 1395 1970 jam
1422 1908 1726 1969 productiores

330 1990 550 2025 ternarum
593 1979 862 2038 syllabarum
899 1978 1031 2039 pedes
1064 1979 1315 2024 tractandos
1346 1980 1635 2039 suscepimus,
1681 1989 1725 2024 et

327 2051 449 2113 quod
467 2050 592 2096 sacile
606 2060 698 2095 erat
711 2066 762 2094 ex
779 2049 1000 2112 superiore
1015 2049 1197 2105 ratione,
1217 2066 1241 2094 a
1256 2049 1396 2094 tribus
1413 2049 1621 2095 brevibus
1638 2050 1724 2095 orsi

327 2139 491 2168 sumus.
520 2122 637 2177 Quid
662 2121 822 2166 deinde
847 2122 1133 2182 sequebatur,
1159 2121 1241 2165 nisi
1263 2130 1313 2165 ut
1333 2120 1463 2180 longa
1485 2136 1587 2165 cum
1610 2120 1723 2166 dua-

327 2196 409 2239 bus
436 2194 642 2239 brevibus
665 2203 775 2253 quot
795 2192 956 2236 formas
980 2192 1130 2236 ederet
1155 2191 1431 2236 videremus?
1453 2192 1607 2236 Visum
1629 2202 1718 2251 est3

327 2275 369 2310 et
391 2275 475 2309 tres
498 2265 630 2324 pedes
651 2273 749 2324 post
774 2263 898 2308 illum
919 2263 1111 2323 primum
1129 2298 1140 2318 ,
1166 2263 1226 2307 ita
1248 2272 1298 2309 ut
1321 2262 1552 2323 oportebat
1567 2298 1578 2319 ‚
1600 2262 1720 2308 ordi-

327 2337 418 2381 nati
440 2345 556 2380 sunt.
573 2337 660 2389 Qui
682 2335 884 2394 deinceps
905 2343 1229 2396 consequantur
1251 2350 1398 2379 nonne
1417 2350 1493 2394 per
1516 2343 1558 2379 te
1574 2335 1719 2395 ipsum

326 2409 472 2453 videre
489 2409 579 2468 jam
609 2407 740 2451 debes
757 2443 767 2462 ‚
801 2423 856 2450 nc
878 2407 1022 2451 omnia
1044 2406 1341 2451 minutissimis
1376 2407 1718 2465 interrogatiun-

327 2479 435 2524 culis
458 2480 692 2523 eruamus?
716 2481 768 2522 D.
795 2481 930 2523 Recte
962 2477 1068 2522 dicis
1090 2494 1098 2519 :
1126 2493 1228 2522 nam
1251 2478 1348 2538 quis
1371 2494 1461 2523 non
1478 2476 1623 2523 videat
1645 2494 1717 2523 cos

318 2553 413 2611 jam
433 2551 576 2612 sequi,
601 2551 646 2595 in
683 2550 843 2611 quibus
866 2566 954 2595 una
977 2550 1117 2595 brevis
1139 2551 1219 2605 sit,
1244 2559 1412 2595 caeterae
1438 2548 1604 2608 longae,
1641 2550 1710 2594 cui
