1888 3168
640 209 764 235 11111111
797 207 851 233 DE
883 204 1113 234 MAG1STRO.
1489 192 1571 231 543

182 348 251 364 &vu
256 346 537 364 wu=wmm=1um
542 345 610 363 ’νυνὶ
614 343 1109 363 ἏΜΜΜΜΊἫἏΜΝΛΛΝΈΜ
1114 344 1246 362 1¹21th
1250 342 1572 360 wxmmmwsvb

699 444 918 495 CAPUT
956 445 1050 493 VII

430 567 673 630 Epz'logzw
699 565 1076 628 praecedentium
1094 567 1323 625 capitum.

241 695 365 738 XIX.
377 696 493 739 AUGL
507 696 531 738 J
535 709 605 739 am
613 709 713 754 quae
721 690 1052 739 sermocinando
1063 689 1356 736 invenerimus
1369 687 1500 733 velim
1514 704 1581 733 re-

182 781 372 811 censeas.
391 768 474 810 An.
489 768 519 810 F
528 765 664 810 aciam
674 774 890 826 quantum
900 779 1091 825 possum.
1109 765 1219 808 Nam
1227 760 1368 821 primo
1383 760 1581 804 omnium

182 837 388 883 recordor
410 837 668 898 aliquandiu
685 853 764 882 nos
782 837 985 898 quaesisse
1002 850 1137 897 quani
1160 834 1219 879 ob
1232 847 1407 878 eausam
1427 830 1585 892 loqua—

182 925 302 965 mur,
327 909 648 970 inventumque
668 926 758 954 esse
781 909 969 955 docendi
998 906 1426 954 commemorandive
1448 905 1585 965 gratia

182 996 260 1026 nos
282 980 434 1042 loqui,
466 981 827 1042 quandoquidem
856 997 937 1026 nec
965 996 1067 1027 cum
1097 981 1439 1038 interrogamUS,
1464 975 1587 1021 aliud

182 1053 352 1112 agimus
369 1068 504 1113 quam
521 1062 572 1097 ut
592 1052 667 1097 ille
689 1040 765 1114 qui
785 1053 1080 1112 interrogatur
1101 1052 1239 1096 discat
1263 1049 1372 1111 quid
1401 1048 1587 1093 velimus

182 1122 359 1181 audire,
394 1133 438 1168 et
460 1124 507 1167 in
535 1124 781 1179 cantando,
807 1122 931 1184 quod
957 1122 1258 1168 delectationis
1285 1136 1415 1167 causa
1443 1118 1586 1164 facere

181 1195 383 1239 videmur
404 1230 415 1250 ,
454 1212 544 1241 non
585 1197 640 1241 sit
665 1196 891 1256 proprium
918 1195 1179 1253 locutionis,
1204 1195 1249 1239 in
1276 1191 1442 1239 orando
1465 1195 1557 1237 Deo
1572 1231 1583 1251 ,

181 1281 315 1326 quem
338 1266 486 1312 doceri
511 1277 586 1312 aut
606 1266 937 1313 commemorari
955 1266 1200 1311 existimare
1222 1281 1311 1311 non
1326 1278 1556 1325 possumus
1573 1296 1584 1316 ,

182 1337 228 1382 id
249 1337 382 1382 verba
411 1337 608 1394 valeant,
634 1347 683 1382 ut
704 1337 774 1382 vel
791 1349 869 1383 nos
890 1337 1004 1397 ipsos
1027 1335 1470 1382 commonefaciamus
1484 1370 1494 1390 ,
1519 1332 1589 1378 vel

183 1410 256 1455 alii
278 1421 644 1456 commoneantur
662 1411 956 1456 doceanturve
971 1426 1048 1470 per
1070 1425 1164 1454 nos.
1182 1408 1349 1453 Deinde
1363 1422 1466 1452 cum
1488 1405 1589 1450 satis

132 1474 134 1477 ⁸
182 1483 443 1528 constitisset
458 1483 592 1527 verba
612 1483 722 1527 nihil
733 1483 852 1527 aliud
866 1498 957 1527 esse
973 1497 1108 1542 quam
1122 1481 1242 1540 signa
1258 1501 1268 1539 3
1288 1496 1337 1524 ea
1353 1495 1472 1534 vero,
1489 1494 1590 1539 quac

182 1570 273 1599 non
295 1552 465 1614 aliquid
487 1553 750 1612 significent,
776 1553 898 1612 signa
930 1568 1020 1597 esse
1045 1567 1136 1597 non
1158 1566 1299 1612 posse,
1326 1548 1591 1611 proposuisti

182 1641 380 1681 versum,
410 1626 534 1686 cujus
560 1625 695 1670 verba
731 1623 902 1684 singula
922 1623 1030 1684 quid
1058 1623 1375 1683 significarent,
1408 1636 1590 1667 conarer

184 1695 414 1742 ostendere
436 1715 445 1740 z
469 1695 504 1740 is
524 1703 672 1740 autem
686 1704 780 1740 erat
802 1713 811 1740 ε

318 1793 351 1826 Si
368 1792 443 1826 nihil
463 1804 503 1826 ex
516 1797 609 1826 tanta
630 1792 761 1836 Superis
776 1791 882 1835 placet
899 1791 981 1825 urbe
996 1792 1132 1835 relinqui
1145 1800 1170 1825 ¹.

184 1860 320 1921 Cujus
330 1857 574 1904 secundum
586 1858 771 1903 verbum
786 1858 984 1919 quamvis
995 1858 1268 1903 notissimum
1280 1868 1324 1903 et
1335 1855 1592 1902 manifestis-

185 1929 475 1992 simum,quid
490 1938 638 1974 tamen
651 1929 929 1988 significaret,
941 1945 1029 1974 non
1045 1930 1592 1991 reperiebamus.Cumque

186 2004 294 2048 mihi
306 2002 529 2047 videretur
542 2018 632 2047 non
645 2000 805 2047 frustra
819 2017 898 2047 nos
920 2000 967 2046 id
988 2002 1034 2045 in
1051 2000 1276 2063 loquendo
1293 2003 1588 2062 interponere,

187 2073 265 2119 sed
287 2072 409 2135 quod
437 2089 489 2119 eo
516 2072 682 2134 aliquid
713 2071 946 2118 doceamus
971 2072 1244 2130 audientem,
1273 2074 1412 2134 ipsam
1435 2073 1593 2117 mentis

190 2144 468 2190 affectionem
484 2180 495 2201 ,
519 2159 620 2188 cum
638 2159 730 2188 rem
749 2159 882 2205 quam
899 2144 1072 2205 quaerit,
1096 2154 1186 2190 non
1208 2159 1297 2189 esse
1308 2144 1476 2190 invenit
1491 2179 1502 2200 ,
1521 2143 1593 2188 vel

190 2215 405 2260 invenisse
414 2230 456 2259 se
465 2223 609 2275 putat,
620 2215 704 2260 hoc
712 2214 848 2260 verbo
856 2212 1036 2260 fortasse
1054 2215 1253 2274 indicari,
1266 2215 1527 2276 respondisti
1539 2223 1590 2259 tu

196 2287 394 2348 quidem,
415 2286 492 2331 sed
507 2296 654 2332 tamen
667 2287 812 2332 nescio
826 2303 958 2349 quam
973 2286 1317 2348 profunditatem
1340 2287 1593 2349 quaestionis

190 2361 290 2421 joco
311 2359 478 2404 evitans
495 2394 505 2414 ,
530 2359 577 2404 in
595 2358 713 2404 aliud
732 2369 904 2420 tempus
926 2359 1231 2405 illustrandam
1249 2358 1455 2405 distulisti
1474 2395 1485 2415 ,
1510 2374 1590 2403 nec

195 2445 266 2475 me
279 2429 420 2475 debiti
438 2446 615 2491 quoque
628 2432 692 2475 tui
710 2430 898 2477 oblitum
921 2440 1062 2491 putes.
1080 2430 1189 2477 Inde
1209 2431 1387 2476 tertium
1409 2430 1454 2476 in
1467 2446 1594 2476 versu

196 2501 382 2551 verbum
405 2517 506 2547 cum
529 2511 765 2562 satagerem
794 2518 1031 2563 exponere,
1050 2503 1239 2563 urgebar
1259 2503 1335 2548 abs
1357 2511 1414 2558 te,
1442 2511 1594 2548 utnon

247 2595 256 2612 ¹
279 2587 364 2632 Virg.
383 2588 510 2623 AEneida
528 2588 583 2622 lib.
606 2600 639 2624 11.
