1888 3168
288 243 374 281 378
723 249 757 278 s.
793 248 1026 279 Ancus-nm
1057 250 1242 278 Emscom

286 318 395 364 Satis
412 331 503 361 esse
524 316 713 360 arbitror
728 315 784 360 ad
799 314 1091 376 judicandum
1112 314 1159 359 id
1174 314 1297 376 quod
1307 316 1424 362 volo.
1447 319 1590 372 Quare
1603 318 1673 365 dic

283 404 436 451 quasso
457 397 608 432 utrum
631 386 740 431 nihil
764 397 860 432 tuas
883 403 1007 432 aures
1027 402 1236 438 numerus
1268 388 1347 433 iste
1367 388 1674 450 permulserit?

280 464 332 505 D.
373 463 467 504 Imo
511 458 622 503 nihil
663 459 770 502 mihi
791 457 967 502 videtur
998 473 1173 502 currere
1205 474 1253 504 ac
1280 475 1433 505 sonare
1462 458 1671 506 festivius.

279 534 340 577 Μ.
379 529 616 576 Considera
646 530 780 589 igitur
806 528 955 589 pedes,
989 529 1185 575 invenies
1215 529 1429 590 profecto,
1465 547 1567 576 cum
1589 532 1676 578 sint

279 603 476 663 quinque
488 617 653 657 versus,
680 601 737 645 du
745 616 790 645 os
807 600 970 661 primos
987 600 1088 645 solis
1104 601 1256 646 ionicis
1270 618 1459 659 currere,
1480 611 1566 648 tres
1579 618 1678 664 pos·
1736 657 1742 663 1

280 674 460 719 teriores
476 673 641 718 habere
660 671 903 716 admixtum
923 671 1187 729 dichorium,
1203 689 1304 718 cum
1331 689 1482 720 omnes
1496 675 1676 720 omnino

278 761 452 791 sensum
487 755 686 790 nostrum
709 745 935 789 communi
959 744 1210 806 aequalitate
1230 746 1464 792 delectent.
1497 750 1552 792 D.
1578 749 1676 792 Jam

278 819 362 865 hoc
395 816 703 872 animadverti,
743 825 787 861 et
826 815 996 862 facilius
1024 826 1068 862 te
1099 817 1431 878 pronuntiante.
1462 821 1524 864 M.
1558 817 1676 873 Quid

278 905 380 948 ergo
403 889 660 934 dubitamus
687 888 934 933 consentire
955 889 1179 934 veteribus
1195 905 1286 934 noi-1
1309 904 1460 935 eorum
1483 891 1676 935 auetori-

278 971 392 1018 tate,
431 961 507 1006 sed
538 961 631 1022 ipsa
663 961 753 1021 jam
780 961 950 1005 ratione
982 961 1087 1006 victi
1105 997 1116 1017 ‚
1137 962 1214 1023 qui
1249 971 1429 1007 censent
1450 977 1523 1007 eos
1544 961 1678 1023 pedes

277 1034 355 1095 qui
377 1032 572 1094 ejusdem
586 1032 794 1093 temporis
811 1042 915 1078 sunt
935 1033 1258 1078 rationabiliter
1280 1049 1407 1094 posse
1427 1033 1619 1089 misceri,
1643 1034 1678 1078 si

276 1105 470 1149 habeant
491 1103 733 1164 legitimam
750 1139 761 1161 ,
786 1105 985 1165 quamvis
1007 1104 1223 1150 diversam
1244 1105 1600 1166 percussionem?
1620 1107 1674 1150 D.

277 1176 398 1223 Cedo
409 1178 501 1237 jam
522 1192 701 1238 prorsus
729 1196 737 1222 :
764 1193 870 1222 nam
891 1193 963 1222 me
984 1176 1059 1223 ille
1082 1194 1213 1224 sonus
1235 1178 1480 1240 quidquam
1501 1187 1677 1224 contra-

278 1248 423 1293 dicere
442 1264 535 1293 non
556 1248 672 1293 sinit.

799 1505 1020 1555 CAPUT
1065 1507 1178 1555 XII.

690 1639 854 1688 Pedes
875 1657 966 1687 secr
983 1650 1270 1702 temporum.

337 1771 484 1814 XXII.
520 1771 581 1814 M.
609 1771 804 1813 INTENDE
826 1768 933 1813 item
946 1767 993 1812 in
1010 1767 1114 1812 istos
1134 1781 1304 1812 versus:

345 1863 476 1911 Volo
499 1861 699 1908 tandem
719 1861 807 1908 tibi
820 1878 1009 1924 pareas
1019 1899 1035 1920 ,
1057 1861 1200 1907 labor
1215 1871 1287 1907 est
1303 1863 1352 1906 in
1373 1859 1587 1906 chartis:

341 1935 413 1981 Et
432 1944 655 1996 apertum
678 1936 747 1979 ire
765 1950 1019 1996 perduras
1041 1935 1258 1978 animum
1275 1933 1548 1994 permittas.

340 2005 519 2052 Placet
534 2003 650 2050 lzoe:
674 2021 791 2050 nam
806 2006 1054 2066 sapienter
1073 2005 1314 2049 remittere
1337 2002 1575 2049 interdum

341 2079 390 2124 A
393 2079 516 2123 ciem
537 2075 678 2122 rebus
695 2075 900 2139 agendis
922 2075 1147 2122 decenter
1166 2077 1417 2120 intentam.

282 2177 334 2219 D.
361 2172 507 2217 Etiam
523 2172 607 2216 hoc
628 2171 729 2215 satis
750 2180 828 2215 est.
857 2173 918 2215 M.
947 2168 1194 2213 Praesertim
1218 2182 1320 2211 cum
1337 2167 1406 2211 isti
1427 2181 1576 2211 versus
1591 2168 1679 2213 sint

281 2242 520 2298 inconditi,
555 2258 665 2303 quos
701 2240 956 2285 necessitate
993 2239 1050 2284 ad
1086 2248 1258 2298 tempus
1291 2236 1530 2283 fabricatus
1560 2254 1672 2283 sum.

281 2319 596 2361 Verumtamen
609 2323 651 2358 et
668 2315 713 2357 in
730 2314 778 2356 iis
795 2322 985 2374 quatuor
998 2311 1173 2372 requiro
1190 2309 1412 2372 judicium
1427 2326 1574 2355 sensus
1593 2312 1671 2356 tui.

283 2391 335 2432 D.
379 2386 496 2440 Quid
529 2386 648 2430 aliud
669 2395 712 2429 et
733 2386 804 2429 hic
824 2399 1001 2444 possum
1023 2383 1191 2438 dicere,
1220 2398 1354 2443 quam
1376 2382 1558 2443 pulchre
1580 2382 1675 2428 illos

283 2466 661 2517 congruenterque
684 2456 906 2500 sonuisse?
928 2460 988 2500 M.
1018 2455 1241 2501 Sentis-ne
1263 2455 1395 2499 etiam
1417 2456 1526 2500 duos
1547 2471 1676 2515 supe—

284 2531 416 2574 riores
429 2529 564 2572 altero
579 2528 721 2572 ionico
737 2537 934 2572 constare
956 2527 1033 2588 qui
1051 2525 1209 2571 dicitur
1226 2543 1249 2571 a
1264 2527 1448 2583 minore,
1469 2519 1579 2572 duos
1601 2543 1676 2571 au-

285 2610 373 2645 tem
390 2600 646 2661 posteriores
664 2599 907 2645 diiambum
919 2599 1082 2645 habere
1095 2599 1382 2661 permixtum?
1395 2602 1446 2644 D.
1465 2601 1522 2644 Et
1534 2599 1617 2645 hoc
1634 2607 1674 2643 te
