1888 3168
604 210 657 235 DE
691 206 840 235 MtsicA
875 210 955 234 Lm.
995 210 1052 234 νι.
1447 196 1528 235 483

140 273 347 333 intelligit
367 282 530 318 aeterna
554 274 671 333 ejus,
718 281 762 316 et
784 273 918 332 magis
946 282 1030 328 est,
1057 273 1280 334 magisque
1309 282 1373 318 est
1401 273 1532 318 etiam

140 344 231 405 ipse
252 360 400 389 servus
422 344 467 388 in
486 359 564 389 suo
589 358 745 403 genere
771 359 849 403 per
869 342 1006 387 illam.
1037 343 1247 402 Neglecto
1270 353 1418 388 autem
1440 348 1532 389 Do-

141 416 261 461 mino
273 416 441 460 intenta
455 416 501 459 in
513 430 686 460 servum
698 414 861 459 carnali
874 430 960 475 qua
975 413 1153 458 ducitur
1161 415 1529 475 concupiscentia,

141 487 272 532 sentit
292 496 438 532 motus
460 501 559 532 suos
576 502 686 548 quos
706 485 769 530 illi
791 486 983 542 exhibet,
1009 494 1054 530 et
1074 485 1218 531 minus
1241 495 1305 531 est
1323 506 1331 531 :
1358 502 1440 531 nec
1465 497 1534 532 ta-

143 572 246 603 men
277 566 449 603 tantum
478 557 624 602 minus
645 594 655 614 ‚
687 567 904 619 quantum
935 557 1026 620 ipse
1064 573 1233 613 servus,
1268 557 1398 602 etiam
1434 574 1536 603 cum

142 629 326 673 maxime
348 637 413 673 est
433 629 479 673 in
501 639 656 674 natura
676 629 867 690 propria.
886 631 979 674 Hoc
997 637 1142 673 autem
1160 627 1320 673 delicto
1343 628 1535 674 dominae

142 698 284 744 multo
302 700 446 745 minus
464 710 528 745 est
549 716 683 761 quam
707 710 814 757 erat,
831 715 932 745 cum
954 699 1027 745 illa
1050 708 1150 744 ante
1170 699 1381 745 delictum
1402 701 1537 761 magis

143 779 267 815 esset.

201 841 323 886 XIV.
349 842 562 896 Quocirca
576 841 751 887 mortali
766 843 856 903 jam
874 852 917 886 et
941 840 1099 901 fragili,
1117 857 1218 887 cum
1234 858 1392 901 magna
1413 840 1535 886 diffi-

144 911 308 958 cultate
330 922 461 975 atque
481 914 721 959 attentione
745 913 1012 958 dominatur.
1033 914 1145 958 Hinc
1163 913 1225 957 illi
1248 929 1367 959 error
1388 914 1537 958 incur-
1562 944 1568 954 .

146 983 227 1041 rit,
254 993 304 1029 ut
332 985 605 1045 voluptatem
639 985 831 1046 corporis
855 1020 865 1040 ,
903 985 1007 1046 quia
1036 985 1127 1046 ejus
1162 985 1396 1030 attentioni
1425 984 1543 1030 cedit

146 1056 368 1112 materies,
393 1056 530 1117 pluris
559 1057 743 1102 aestimet
765 1073 898 1118 quam
921 1057 1059 1118 ipsam
1084 1058 1339 1114 sanitatem,
1367 1058 1438 1103 cui
1475 1068 1544 1103 at·-

146 1128 342 1173 tentione
364 1127 486 1174 nulla
510 1145 621 1190 opus
644 1139 721 1174 est.
744 1132 833 1175 Nec
855 1129 1038 1186 mirum,
1061 1129 1094 1174 si
1116 1130 1322 1175 [erumnis
1346 1129 1544 1191 implica-

147 1209 239 1257 tur,
259 1215 521 1262 praeponens
554 1218 704 1247 curam
739 1202 975 1247 securitati.
1013 1204 1298 1248 Convertenti
1330 1219 1374 1248 se
1396 1213 1545 1248 autem

147 1272 203 1317 ad
234 1274 495 1331 Dominum,
528 1276 667 1337 major
699 1291 802 1320 cura
832 1275 986 1330 oritur,
1029 1290 1084 1319 ne
1117 1284 1367 1333 avertatur]
1400 1273 1541 1320 donec

147 1345 386 1391 carnalium
435 1347 712 1405 negotiorum
750 1346 994 1407 requiescat
1039 1346 1228 1406 impetus
1249 1382 1259 1402 ‚
1305 1347 1542 1391 effrenatus

147 1417 467 1463 consuetudine
502 1418 736 1475 diuturna,
772 1427 815 1463 et
844 1418 1123 1463 tumultuosis
1165 1418 1545 1464 recordationibus

147 1489 420 1535 conversioni
443 1490 534 1550 ejus
563 1506 652 1535 sese
670 1490 863 1534 inserens
888 1509 895 1534 2
928 1490 986 1534 ita
1017 1487 1174 1533 sedatis
1208 1488 1403 1533 motibus
1433 1489 1543 1545 suis,

148 1560 310 1621 quibus
330 1560 377 1604 in
399 1561 611 1605 exteriora
633 1560 974 1620 provehebatur,
1003 1558 1091 1618 agit
1121 1558 1263 1604 otium
1284 1559 1544 1604 intrinsecus

148 1630 361 1687 liberum,
386 1631 508 1692 quod
529 1631 796 1689 significatur
824 1630 1036 1688 sabbato3
1063 1630 1123 1675 sic
1146 1631 1371 1690 cognoscit
1399 1630 1541 1676 solum

151 1706 292 1749 Deum
315 1719 405 1748 esse
426 1704 664 1748 Dominum
683 1719 834 1758 suum,
858 1703 929 1747 cui
946 1703 1024 1746 uni
1046 1718 1215 1747 summa
1232 1701 1433 1748 libertate
1456 1719 1547 1748 ser-

151 1775 284 1819 vitur.
309 1778 409 1820 Non
429 1784 576 1819 autem
598 1774 694 1819 illos
713 1773 905 1819 carnales
931 1782 1090 1828 motus,
1116 1783 1166 1818 ut
1202 1790 1303 1818 cum
1322 1773 1431 1819 libet
1451 1791 1547 1819 exe-

153 1847 224 1902 rit,
244 1847 304 1892 ita
326 1847 458 1891 etiam
490 1862 590 1891 cum
613 1846 724 1891 libet
744 1846 973 1904 extinguit.
994 1848 1092 1890 Non
1115 1846 1233 1889 enim
1256 1845 1368 1890 sicut
1386 1861 1546 1906 pecca-

154 1928 249 1964 tum
267 1919 312 1963 in
330 1920 422 1980 ejus
440 1927 655 1978 potestate
673 1927 736 1963 est
753 1954 762 1972 ,
790 1918 848 1962 ita
873 1917 1003 1961 etiam
1026 1932 1159 1977 poena
1178 1917 1362 1976 peccati.
1388 1921 1549 1978 Magna

153 1991 317 2052 quippe
340 2006 405 2034 res
433 1999 497 2034 est
518 1991 609 2050 ipsa
631 1990 797 2044 anima,
831 2004 912 2033 nec
940 1988 995 2033 ad
1026 1987 1338 2048 opprimendos
1371 1988 1552 2034 lascivos

154 2071 299 2107 motus
321 2077 419 2107 suos
448 2060 608 2106 idonea
630 2060 710 2104 sibi
742 2068 950 2104 remanet.
979 2058 1207 2104 Valentior
1237 2060 1354 2104 enim
1374 2070 1549 2120 peccat,

155 2144 199 2178 et
230 2142 329 2194 post
366 2142 597 2194 peceatum
636 2131 782 2176 divina
821 2131 916 2191 lege
949 2131 1065 2175 facta
1098 2131 1374 2188 imbecillior,
1409 2133 1554 2176 minus

155 2215 310 2266 potens
340 2213 403 2249 est
432 2202 603 2248 auferre
635 2202 756 2264 quod
783 2201 902 2247 fecit.
934 2222 953 2245 «
980 2200 1138 2247 Infelix
1160 2218 1239 2262 ego
1261 2203 1422 2259 homo,
1455 2203 1553 2265 quis

159 2295 180 2318 »
214 2291 286 2321 me
314 2275 522 2320 liberabit
541 2274 596 2319 de
626 2290 808 2334 corpore
829 2273 980 2318 mortis
1009 2275 1168 2335 hujus?
1201 2274 1347 2320 Gratia
1376 2275 1454 2320 Dei
1476 2292 1554 2336 per

161 2366 182 2390 >›
218 2350 369 2392 Jesum
401 2345 623 2392 Christum
659 2345 898 2390 Dominum
931 2355 1130 2391 nostrum
1154 2348 1185 2390 1.
1213 2365 1233 2388 »
1258 2349 1404 2392 Motus
1426 2347 1558 2405 igitur

158 2420 316 2464 animae
339 2434 513 2465 servans
534 2418 750 2479 impetum
767 2433 923 2474 suum,
949 2427 993 2463 et
1014 2418 1215 2464 nondum
1239 2418 1478 2474 extinctus,
1510 2420 1558 2466 in

160 2490 371 2536 memoria
394 2506 484 2536 esse
502 2489 681 2546 dicitur,
708 2499 750 2534 et
773 2505 873 2535 cum
896 2489 941 2533 in
963 2488 1084 2534 aliud
1104 2489 1350 2535 intenditur
1368 2490 1554 2546 animus,

212 2584 219 2600 ¹
247 2578 342 2610 Rom.
363 2585 422 2617 vn,
445 2576 499 2620 24.

1278 2631 1343 2670 31.
