1888 3168
327 199 408 237 238
767 211 800 237 s.
837 210 1067 238 AUGUSTINI
1098 211 1279 238 Eptscori

329 348 359 363 W!
367 348 1712 369 WWKVQWQW!§WUWXWVSUMBVWWWWWUWUSQWW'WUQWVNWUWWUN

805 472 1021 523 CAPUT
1059 476 1203 522 XHI.

563 629 772 674 :Animus
793 644 881 674 nec·
904 630 953 674 in
974 645 1146 690 corpus
1166 630 1469 675 convertitur.

382 766 482 808 XX.
518 767 598 808 Hm
628 763 740 809 forte
764 764 990 809 oboriatur
1011 764 1227 809 nonnulla
1249 765 1453 826 quaestio,
1478 773 1627 809 utrum
1651 767 1708 810 si-

320 845 397 881 cut
417 852 507 881 non
528 835 676 880 interit
697 835 889 891 animus,
910 837 969 881 ita
1002 852 1083 880 nec
1108 836 1155 880 in
1177 834 1436 881 deteriorem
1464 847 1710 882 commute-

323 918 392 952 tur
409 907 651 952 essentiam.
669 907 818 952 Videri
840 908 956 952 enim
974 908 1162 968 cuipiam
1179 917 1321 969 potest
1336 944 1347 964 ⁷
1372 924 1517 969 neque
1534 909 1707 969 injuria,

321 980 366 1025 id
387 981 595 1025 effectum
616 996 705 1025 esse
728 980 1056 1026 ratiocinatione
1078 981 1175 1036 hac,
1196 990 1246 1025 ut
1261 981 1429 1025 animus
1447 979 1504 1025 ad
1524 981 1712 1026 nihilum

320 1069 410 1098 non
448 1053 581 1112 possit
609 1052 855 1113 pervenire,
878 1052 1074 1098 converti
1097 1062 1244 1097 autem
1269 1053 1314 1097 in
1343 1068 1500 1112 corpus
1530 1051 1712 1098 forsitan

320 1124 467 1183 possit.
487 1124 529 1169 Si
547 1124 664 1167 enim
681 1124 803 1185 quod
820 1133 911 1168 erat
933 1133 1033 1168 ante
1050 1124 1237 1179 animus,
1252 1140 1409 1184 corpus
1422 1123 1555 1168 fuerit
1576 1124 1712 1169 effee-

323 1204 413 1239 tum
429 1231 440 1251 ,
472 1211 565 1240 11011
586 1195 740 1256 utique
760 1196 938 1240 omnino
961 1211 1052 1240 non
1071 1195 1165 1240 erit.
1195 1196 1280 1241 Sed
1301 1196 1385 1240 hoc
1402 1196 1496 1239 fieri
1518 1211 1608 1240 non
1629 1211 1713 1256 po-

321 1276 423 1322 test,
445 1266 524 1310 nisi
547 1275 622 1311 aut
635 1266 726 1326 ipse
747 1265 793 1310 id
814 1265 941 1323 velit,
968 1276 1044 1311 aut
1061 1266 1116 1310 ab
1139 1266 1223 1311 alio
1247 1275 1440 1325 cogatur.
1465 1268 1555 1313 Nec
1572 1267 1714 1312 conti-

318 1354 408 1383 nuo
444 1347 591 1383 tamen
627 1338 818 1394 animus„
851 1339 938 1384 sive
960 1339 1051 1399 ipse
1073 1337 1119 1382 id
1147 1338 1405 1399 appetierit,
1430 1339 1518 1384 sive
1538 1348 1714 1384 coactus

317 1408 472 1465 fuerit⁷
496 1410 658 1470 poterit
679 1426 836 1470 corpus
859 1426 963 1454 esse.
994 1409 1112 1454 Illud
1129 1411 1249 1454 enim
1271 1411 1469 1471 sequitur
1491 1419 1567 1466 ut,
1593 1411 1627 1455 si
1640 1410 1710 1467 sit,

318 1481 422 1527 velit
454 1492 529 1526 aut
560 1492 756 1542 cogatur.
792 1486 850 1527 At
881 1481 993 1526 illud
1020 1498 1111 1526 non
1132 1483 1330 1542 sequitur
1348 1492 1420 1537 ut,
1446 1482 1479 1526 si
1510 1481 1616 1526 velit
1637 1492 1714 1527 aut

319 1563 520 1613 cogatur,
539 1553 593 1597 sit
615 1572 623 1598 :
649 1569 877 1614 nunquam
900 1563 1047 1597 autem
1067 1552 1199 1598 volet.
1226 1555 1336 1599 Nam
1357 1553 1498 1598 omnis
1520 1553 1614 1613 ejus
1633 1570 1714 1614 ap-

319 1626 478 1685 petitus
496 1624 553 1669 ad
570 1641 726 1685 corpus
744 1660 754 1680 ,
775 1634 851 1668 aut
872 1634 924 1668 ut
939 1624 986 1668 id
1002 1623 1219 1685 possideat
1236 1633 1324 1680 est,
1345 1634 1421 1668 aut
1437 1634 1488 1669 ut
1503 1624 1709 1680 vivificet,

319 1706 395 1741 aut
423 1705 474 1740 ut
501 1696 695 1757 quodam
722 1695 855 1740 modo
890 1694 1154 1751 fabricetur,
1191 1703 1267 1739 aut
1298 1694 1498 1755 quolibet
1524 1706 1651 1756 pacto
1673 1697 1714 1741 ei

319 1766 533 1812 consulat.
560 1766 677 1812 Nihil
699 1775 845 1810 autem
876 1766 1036 1810 horum
1057 1766 1151 1809 ficri
1176 1775 1341 1826 potest,
1367 1772 1401 1810 si
1423 1783 1514 1811 non
1533 1768 1587 1812 sit
1615 1784 1713 1813 cor-

319 1855 423 1899 pore
457 1838 625 1885 melior.
653 1842 710 1882 At
742 1839 776 1882 si
806 1838 887 1881 erit
910 1854 1090 1897 corpus,
1126 1838 1280 1882 melior
1310 1853 1492 1898 corpore
1514 1838 1713 1898 profecto

320 1926 410 1955 non
433 1910 527 1953 crit.
568 1912 666 1954 Non
688 1909 819 1967 igitur
849 1924 1006 1969 corpus
1029 1924 1117 1952 esse
1136 1907 1270 1953 volet.
1294 1911 1447 1970 Neque
1472 1910 1615 1954 ullum
1651 1911 1714 1955 rei

319 1982 450 2042 hujus
471 1981 628 2026 certius
652 1990 960 2039 argumentum
983 1989 1046 2024 est
1060 2015 1070 2035 9
1092 1995 1226 2041 quam
1249 1995 1351 2024 cum
1373 1996 1417 2025 se
1438 1979 1580 2040 ipsum
1609 1982 1713 2027 hinc

318 2053 558 2111 interrogat
579 2051 763 2095 animus.
792 2054 858 2095 Ita
880 2051 997 2095 enim
1022 2049 1147 2095 facile
1172 2051 1384 2111 comperit
1406 2051 1649 2111 appetitum
1668 2068 1712 2097 sc

319 2139 408 2168 11011
436 2123 624 2179 habere,
662 2122 741 2167 nisi
775 2121 932 2181 agendi
964 2121 1158 2183 aliquid,
1191 2132 1267 2167 aut
1300 2122 1493 2179 sciendi,
1518 2132 1713 2168 31113011-

321 2194 473 2251 tiendi,
490 2204 565 2239 aut
583 2194 887 2239 tantummodo
904 2194 1080 2240 vivendi
1097 2194 1373 2255 inquantum
1390 2209 1466 2238 sua
1484 2193 1547 2238 illi
1563 2203 1712 2255 potes-

321 2275 384 2310 tas
405 2277 484 2311 est.

378 2340 500 2382 XXI.
539 2339 582 2384 Si
605 2348 751 2383 autem
774 2340 942 2398 cogitur
962 2354 1119 2399 corpus
1141 2354 1255 2395 03307
1277 2354 1301 2382 a
1323 2354 1412 2399 quo
1433 2337 1612 2384 tandem
1633 2354 1711 2384 co-

321 2409 465 2468 gitur?
486 2413 524 2453 A
545 2409 769 2469 quolibet,
803 2419 919 2454 certe
948 2426 971 2454 a
993 2409 1252 2470 potentiore.
1291 2412 1390 2454 Non
1407 2424 1508 2467 ergo
1529 2409 1584 2454 ab
1617 2410 1710 2470 ipso

321 2495 501 2539 corpore
523 2481 616 2538 cogi
647 2490 803 2540 potcst.
832 2480 964 2526 Nullo
986 2481 1101 2525 enim
1130 2479 1262 2525 modo
1291 2479 1385 2526 ullo
1402 2481 1547 2526 animo
1569 2479 1708 2526 ullum

320 2566 476 2611 corpus
506 2551 739 2610 potentius.
773 2551 997 2598 l’otcntior
1031 2561 1177 2597 autem
1209 2552 1378 2598 animus
1412 2568 1502 2598 non
1524 2551 1642 2611 cogit
1663 2551 1707 2595 in
