1888 3168
294 208 375 247 sisto
705 218 736 245 S.
778 219 1004 248 Acctts'ruw
1040 223 1217 249 EPISCOPI

294 289 416 344 lunga
436 287 712 342 imminuitur,
733 303 861 348 quam
882 304 1059 347 parvum
1081 289 1132 332 sit
1155 289 1288 333 tribus
1305 291 1596 349 superioribus
1615 292 1673 334 in-

292 369 354 404 tm·
377 374 420 403 se
441 357 682 421 {equalibus
703 361 946 420 subjectum
964 359 1098 404 vides.
1124 360 1200 405 vel
1221 359 1402 421 pedibus
1425 362 1549 407 sicuti
1564 364 1670 418 lure,

382 466 540 512 Grato
561 465 758 528 Pyrrha
780 465 865 511 sub
889 476 1053 523 antro,

380 538 677 602 Cuiflavam
699 536 876 601 religas
898 541 1128 583 comam&

288 633 439 679 Cernis
459 633 622 694 quippe
653 633 811 677 horum
831 632 1021 677 duorum
1046 632 1241 693 superius
1263 642 1460 678 constare
1482 632 1676 694 spondeo

289 715 332 751 ct
349 705 624 761 choriambo,
652 714 694 750 ct
715 703 844 764 longa
866 704 1042 761 ultima,
1068 721 1167 766 quae
1190 704 1246 750 ad
1267 721 1338 750 sex
1363 715 1558 766 tempora
1591 706 1675 750 im-

285 776 447 838 plenda
469 776 661 837 spondeo
682 775 928 821 debebatur
946 795 955 822 ι
979 777 1064 822 boc
1088 785 1233 821 autem
1255 777 1465 837 posterius
1483 775 1676 837 spondeo

288 858 331 894 ct
351 848 625 904 choriambo,
654 857 698 892 et
713 848 885 893 duabus
906 847 1070 892 ultimis
1092 848 1316 904 brevibus,
1334 864 1432 909 quae
1452 848 1557 893 item
1575 864 1677 893 cum

287 921 430 981 primo
453 918 646 981 spondeo
665 919 850 980 implent
878 935 948 964 sex
965 928 1177 981 tempora.
1200 920 1323 965 Paria
1356 929 1458 964 sunt
1476 935 1577 978 ergo
1599 920 1676 965 ista

286 991 578 1052 temporibus,
596 989 732 1035 sedin
754 990 939 1051 pedibus
957 990 1159 1036 nonnihil
1180 991 1435 1037 diversitatis
1450 999 1615 1035 tenent.

346 1066 553 1108 XXXVI.
589 1066 667 1108 Est
689 1071 731 1106 et
750 1061 831 1106 alia
854 1061 1102 1107 differentia
1128 1063 1305 1107 istarum
1324 1061 1675 1123 copulationum,

287 1134 409 1196 quod
422 1134 503 1178 alia
521 1135 579 1178 ita
594 1133 878 1193 copulentur,
894 1143 944 1178 ut
958 1133 1081 1178 nulla
1094 1133 1173 1179 sibi
1188 1133 1356 1178 silentia
1372 1133 1589 1195 interponi
1601 1148 1679 1178 ve·-

294 1205 402 1262 lint,
428 1205 540 1250 sicut
558 1205 663 1263 ,haee
679 1204 779 1264 ²duo
802 1204 1094 1250 recentissima
1111 1241 1122 1260 ,
1148 1205 1230 1250 alia
1254 1205 1366 1251 inter
1394 1221 1438 1251 se
1463 1205 1577 1251 sileri
1598 1203 1680 1249 ali-

292 1278 398 1340 quid
423 1276 646 1338 postulent
663 1312 673 1332 ,
698 1276 810 1320 sicut
830 1276 947 1331 haec,

382 1370 538 1418 Vides
554 1380 604 1415 ut
625 1369 731 1415 (clla
758 1378 850 1414 stet
872 1371 978 1415 nive
1007 1367 1270 1415 candidum

378 1443 583 1491 Soracte
589 1478 605 1498 ,
630 1458 717 1486 nec
730 1441 843 1504 jam
862 1442 1130 1488 sustineant
1149 1457 1267 1487 onus

378 1513 537 1575 Sylva)
559 1512 860 1570 laborantes,
878 1512 1083 1576 geluque

378 1585 430 1631 F
431 1584 610 1630 lumina
629 1585 925 1629 constiterint
941 1593 1098 1629 acuto,

290 1686 402 1729 Nam
424 1682 457 1726 si
479 1682 574 1725 haec
595 1679 764 1739 singula
788 1688 1062 1741 repetantur,
1083 1679 1227 1739 priora
1244 1677 1333 1723 duo
1355 1693 1495 1722 unum
1512 1687 1684 1738 tempus

290 1755 335 1798 in
359 1754 445 1797 sine
467 1751 581 1796 sileri
604 1751 824 1810 flagitant,
851 1751 1029 1795 tertium
1051 1750 1163 1805 duo,
1190 1758 1397 1810 quartum
1414 1748 1509 1793 tria.
1534 1751 1684 1809 Copu-

292 1828 382 1872 lata
403 1841 507 1871 vero
522 1841 544 1868 a
556 1826 696 1884 primo
713 1822 769 1867 ad
782 1822 1026 1867 secundum
1047 1830 1346 1866 transeuntem
1359 1836 1498 1865 unum
1514 1831 1685 1881 tempus

291 1898 417 1943 silere
435 1904 621 1956 cogunt,
644 1911 667 1939 a
686 1894 879 1939 secundo
893 1893 948 1938 ad
961 1893 1137 1939 tertium
1153 1892 1242 1937 duo
1257 1927 1267 1947 ,
1291 1908 1315 1936 a
1336 1892 1461 1936 tertio
1479 1891 1534 1936 ad
1549 1907 1684 1952 quar-

291 1979 389 2014 tum
411 1968 507 2012 tria.
528 1970 567 2011 A
589 1975 745 2027 quarto
776 1974 923 2009 autem
956 1965 989 2008 si
1019 1963 1074 2009 ad
1095 1963 1287 2024 primum
1314 1962 1487 2019 redeas,
1513 1972 1684 2023 tempus

291 2055 433 2086 untun
448 2037 607 2084 silebis.
630 2035 713 2082 Sed
731 2052 830 2097 quae
850 2043 913 2079 est
933 2035 1043 2080 ratio
1065 2033 1279 2079 redeundi
1297 2033 1353 2078 ad
1374 2034 1586 2093 primum,
1611 2049 1685 2078 ea-

292 2112 394 2160 dem
414 2109 552 2156 estad
568 2108 695 2153 aliam
718 2107 849 2153 talem
871 2107 1197 2168 copulationem
1222 2104 1488 2151 transeundi.
1508 2107 1601 2150 Hoc
1614 2121 1685 2165 ge-

293 2199 375 2228 nus
408 2180 739 2242 copulationum
766 2187 882 2224 recte
914 2194 992 2223 nos
1024 2177 1293 2239 appellamus
1324 2177 1553 2223 circuitum
1571 2213 1582 2234 ,
1608 2179 1684 2239 qui

291 2260 431 2308 περίιδος
455 2267 594 2311 graece
615 2250 790 2295 dicitur.
818 2250 1036 2296 Circuitus
1068 2265 1171 2309 ergo
1193 2249 1335 2293 minor
1363 2264 1452 2294 esse
1487 2264 1578 2294 non
1603 2264 1684 2309 po-

294 2335 396 2381 test,
424 2340 556 2385 quam
581 2323 656 2384 qui
684 2322 858 2367 duobus
884 2321 1088 2366 membris
1120 2329 1310 2376 constat,
1331 2320 1377 2365 id
1403 2328 1488 2376 est,
1509 2318 1684 2365 duobus

291 2397 439 2441 metris
458 2416 466 2441 :
488 2411 567 2440 nec
589 2409 678 2439 esse
695 2396 902 2454 majorem
915 2392 1151 2439 voluerunt
1165 2408 1216 2437 eo
1228 2427 1239 2447 ,
1261 2392 1336 2452 qui
1353 2406 1492 2452 usque
1508 2390 1563 2435 ad
1574 2407 1684 2451 qua-

292 2479 393 2513 tuor
406 2467 599 2511 membra
612 2465 822 2526 procedit.
846 2464 966 2510 Licet
980 2463 1113 2522 igitur
1126 2462 1355 2509 minimum
1369 2460 1655 2506 bimembrem
1667 2496 1680 2519 ,

343 2571 351 2587 ¹
374 2565 484 2596 uorat.
502 2562 554 2594 libv
579 2561 814 2594 1.⁴'.arniiuu1u.
838 2577 878 2583 —-
902 2568 913 2577 ”
934 2559 1069 2592 Ibidem.
