1883 3194
317 245 347 292 6
803 263 844 296 s.
883 263 1189 301 Aucusrmns
1201 288 1213 309 ,

315 348 413 395 rius
430 388 442 410 ,
471 347 521 396 in
549 349 879 410 coadjutorem
906 361 1234 416 assumptum,
1266 369 1292 400 a
1317 353 1529 418 Megalio
1567 354 1713 401 Cala-

313 426 478 472 mensi
504 426 736 490 episcopo
760 464 770 483 ‚
804 436 851 474 et
883 429 1130 477 Numidiae
1164 430 1398 493 primate,
1432 448 1560 478 anno
1589 430 1715 489 395,-

312 502 611 551 Pontificem
644 506 917 553 consecrari
960 507 1167 562 curavit3
1208 508 1339 568 quod
1382 523 1509 573 aegre
1544 525 1712 572 passus

317 587 388 627 est
414 580 738 645 Augustinus,
771 582 907 639 licet,
948 583 1014 629 uli
1046 592 1217 647 postea
1254 585 1545 641 declaravit,
1582 585 1713 633 hunc

318 673 515 705 morem
541 667 655 705 tunc
679 660 918 723 temporis
940 660 1166 708 Ecclesiae
1193 661 1405 725 legibus,
1438 670 1484 709 et
1511 661 1715 710 Nicaenae

317 736 590 783 auctoritati
618 737 915 784 contrarium
937 754 1136 801 prorsus
1158 738 1415 803 ignoraret.

384 825 823 884 Quemadmodum
856 842 972 873 vero
1004 825 1324 892 parmssons
1356 825 1526 874 crescit
1544 826 1596 879 in
1610 826 1714 894 flu-

319 899 449 951 vium
467 938 479 959 ‚
517 910 563 949 et
597 901 645 948 ἡ.)
673 919 835 965 aquas
857 902 1108 967 plurimas
1147 902 1469 966 redundans(
1492 905 1629 952 Esth.
1663 919 1711 956 Χ.

317 978 361 1024 6.
380 975 398 1043 )
427 980 783 1044 germinantem
805 981 920 1029 hinc
935 990 981 1027 et
994 981 1108 1028 inde
1122 990 1302 1028 terram
1320 982 1556 1030 foecundis
1578 983 1714 1044 aquis

322 1056 489 1114 abluit,
511 1057 579 1104 sic
594 1056 691 1115 ille,
715 1075 832 1120 quas
848 1075 903 1105 ex
920 1075 1222 1123 paganorum
1240 1059 1384 1105 simul
1401 1067 1448 1106 et
1460 1076 1715 1106 sacrorum

321 1133 628 1197 Scriptorum
653 1135 789 1196 quasi
823 1135 1185 1183 confluentibus
1211 1136 1326 1183 rivis
1355 1137 1509 1183 multo
1539 1137 1716 1183 sudore

320 1221 713 1276 congregaverat,
742 1212 1061 1260 christianum
1080 1213 1126 1258 in
1148 1212 1342 1268 orbem,
1366 1213 1547 1260 ultimis
1570 1214 1716 1260 etiam

320 1289 598 1352 profuturas
622 1290 802 1336 saeculis
820 1326 830 1346 ,
863 1290 1163 1354 profundere
1185 1290 1328 1353 coepit
1358 1290 1561 1337 divitias.
1588 1290 1717 1339 Hinc

317 1365 455 1411 illum
466 1366 654 1413 videres
667 1367 902 1413 uberibus
912 1366 1136 1429 lacrymis
1147 1366 1415 1429 praeteritos
1425 1367 1529 1413 vitae
1542 1367 1718 1430 prioris

321 1459 509 1489 errores
523 1443 574 1489 in
590 1442 966 1508 Confessiommz
982 1440 1116 1489 libris
1131 1441 1395 1490 deflentem
1411 1460 1420 1498 ;
1437 1443 1568 1491 illinc
1582 1461 1720 1508 paga-

321 1538 412 1568 nos
431 1520 483 1566 in
509 1522 750 1585 stupendo
767 1522 827 1568 de
841 1518 1044 1568 Ciuitate
1057 1517 1158 1567 Dei
1167 1536 1314 1584 opere
1326 1521 1536 1584 propriis
1555 1522 1719 1569 confo-

323 1598 538 1645 dientem
552 1599 673 1645 telis
692 1599 825 1658 Quid
838 1597 1296 1660 quodManichaeos‚
1310 1598 1713 1652 Priscillianistas‚

318 1675 624 1741 Pelagianos,
645 1677 941 1731 Donatistas‚
961 1675 1188 1738 ipsosque
1204 1675 1413 1722 Arianos
1430 1675 1642 1723 veritatis
1652 1676 1718 1722 in·

321 1754 542 1801 defessus
554 1761 886 1817 propugnator
902 1752 1143 1800 debellare
1158 1770 1260 1799 non
1271 1753 1529 1801 infeliciter
1538 1769 1721 1817 aggres-

321 1848 420 1887 sus,
449 1832 685 1877 unitatem
705 1831 817 1886 Dei,
845 1829 1027 1877 Christi
1044 1827 1360 1886 divinitatem,
1379 1831 1716 1887 necessitatem

323 1908 518 1964 Gratiae,
538 1909 748 1955 liberum
761 1907 978 1955 hominis
991 1906 1265 1964 arbitrium3
1281 1914 1543 1969 caeteraque
1554 1905 1720 1954 Eccle-

319 1985 400 2032 siae
420 1985 665 2033 catholicae
682 1987 912 2050 dogmata
929 1986 1235 2033 validissimis
1251 1986 1452 2033 asseruit
1471 2003 1716 2051 argumens

318 2063 352 2109 ti
362 2079 397 2109 s.
417 2063 694 2111 Monachos
708 2064 1105 2130 interea-monitis
1123 2072 1167 2110 et
1183 2064 1406 2127 exemplo
1426 2064 1714 2122 informare,

318 2142 529 2205 virgines
566 2140 659 2205 piis
695 2141 1110 2189 exhortationibus
1152 2142 1415 2188 accendere
1431 2177 1441 2196 ‚
1486 2141 1712 2188 omnium

320 2216 537 2265 fidelium
587 2229 775 2266 mentes
815 2216 1215 2266 Medz'talionz'bzts
1257 2227 1302 2265 et
1337 2216 1620 2282 Soliloquz'is
1655 2220 1717 2265 ad

321 2297 484 2343 Deum
508 2297 710 2343 coelestis
735 2305 898 2343 orator
918 2297 1181 2343 transferre
1197 2333 1207 2353 ‚
1240 2295 1472 2359 plurimas
1495 2295 1616 2342 datis
1635 2295 1717 2342 lit-

321 2374 436 2422 teris
469 2374 754 2435 quaestiones
788 2374 1029 2429 enodare,
1065 2373 1343 2420 difficiliora
1375 2389 1520 2420 sacrae
1549 2372 1715 2436 Scrip-

322 2461 438 2499 turae
459 2452 564 2497 loca
583 2451 735 2497 doctis
757 2449 1121 2498 commentariis
1145 2451 1401 2514 explanare
1417 2485 1430 2507 ,
1452 2466 1647 2509 necnon
1668 2459 1717 2496 et

323 2528 487 2592 logicae
503 2564 515 2585 ,
565 2536 612 2574 et
648 2528 996 2591 grammaticse,
1049 2535 1093 2573 et
1133 2526 1387 2574 rhetoricae
1433 2535 1479 2572 et
1519 2526 1715 2573 musicae

326 2606 471 2652 etiam
511 2606 623 2652 artis
663 2605 900 2668 principia
937 2604 1155 2649 evolvero
1177 2641 1187 2657 ‚
1231 2605 1293 2650 ila
1339 2611 1388 2649 ut
1418 2602 1537 2651 nihil
1568 2602 1627 2649 sit·
1661 2602 1713 2649 in
