1883 3194
499 170 664 199 CONTRA
698 168 960 199 ACADEMICOS
993 171 1115 199 Linea
1150 174 1180 199 1.
1513 164 1568 201 33

174 248 333 278 narum
354 234 534 280 scientia
555 235 740 292 dicitur,
777 251 827 281 ea
859 235 1044 293 dicitur,
1077 253 1166 298 qua
1195 237 1428 299 quisquam
1452 239 1580 284 novit

173 305 244 350 vel
273 314 405 367 quot,
429 305 500 353 vel
521 306 671 368 quales
692 306 855 353 fundos
879 307 1120 353 habeamus
1147 328 1156 354 :
1188 308 1298 370 quid
1319 309 1434 366 auri,
1467 309 1578 371 quid

174 377 356 436 argenti,
373 377 570 440 quidque
590 378 781 440 denique
795 378 1037 424 alienorum
1051 380 1294 424 carminum
1309 381 1578 440 cogitemus?

175 447 257 494 Illa
279 458 342 494 est
363 450 659 495 humanarum
693 466 843 495 rerum
874 450 1080 508 scientia,
1120 468 1221 514 quae
1260 451 1384 497 novit
1424 452 1578 498 lumen

171 519 442 581 prudentiae,
477 522 781 584 temperantiae
808 521 965 579 decus,
1000 521 1271 569 fortitudinis
1299 522 1458 580 robur,
1479 525 1578 585 jus-

172 591 281 638 titiae
302 594 593 639 sanctitatem.
621 595 728 639 Haec
750 593 868 638 enim
889 603 993 639 sunt
1025 610 1128 657 quae
1160 594 1331 640 nullam
1352 594 1578 641 fortunam

171 673 418 711 metuentes
432 702 444 721 ,
466 681 568 712 vere
590 675 739 712 nostra
763 664 908 711 dicere
931 666 1146 713 audemus
1173 687 1183 714 ε
1209 683 1311 730 quae
1333 668 1368 712 si
1398 667 1579 713 Albiee-

172 736 259 783 rius
283 736 358 783 ille
376 737 598 785 didicisset
612 774 623 795 ,
648 753 903 799 nunquam,
932 738 1042 785 mihi
1065 739 1196 786 crede
1213 776 1225 797 ‚
1246 749 1337 785 tam
1357 737 1578 786 luxuriose

171 807 518 873 deformiterque
540 810 730 856 vixisset.
760 808 894 864 Quod
915 819 1064 856 autem
1092 811 1224 869 dixit,
1245 827 1378 874 quem
1400 827 1576 858 versum

170 880 367 928 volveret
387 882 534 927 animo
555 881 652 938 ille,
673 897 697 926 a
720 896 810 942 quo
827 880 1140 929 consulebatur
1153 919 1164 941 ,
1196 899 1341 946 neque
1358 885 1443 930 hoc
1466 893 1576 945 puto

170 955 285 1000 inter
306 970 373 1001 res
391 964 560 1001 nostras
588 969 679 999 esse
701 952 1029 1000 numerandum
1058 975 1066 1001 :
1090 972 1180 1001 non
1203 972 1293 1018 quo
1315 971 1473 1016 negem
1493 956 1578 1001 ho-

170 1027 431 1072 nestissimas
451 1024 703 1086 disciplinas
737 1025 793 1069 ad
815 1026 1132 1085 possessionem
1165 1027 1404 1088 quamdam
1438 1028 1577 1073 nostri

169 1098 302 1144 animi
324 1098 567 1160 pertinere,
593 1097 671 1142 sed
703 1096 806 1158 quia
837 1112 1013 1143 versum
1045 1097 1242 1158 alienum
1265 1099 1397 1144 etiam
1429 1099 1575 1160 impe-

114 1217 117 1220 ,
169 1169 380 1215 ritissimis
396 1184 552 1215 canere
581 1184 629 1213 ae
655 1167 946 1229 pronuntiare
980 1185 1237 1215 concessum
1274 1180 1354 1215 est,
1380 1171 1578 1232 Ideoque

169 1242 271 1288 talia
292 1257 395 1287 cum
413 1241 461 1286 in
481 1239 740 1285 memoriam
763 1249 960 1285 nostram
982 1241 1274 1298 incurrerint,
1301 1258 1392 1287 non
1414 1243 1578 1288 mirum

167 1323 255 1369 est,
281 1313 317 1358 si
334 1312 484 1357 sentiri
510 1320 696 1371 possunt
718 1310 773 1355 ab
795 1311 929 1372 hujus
951 1312 1061 1356 ae'ris
1093 1312 1357 1358 animalibus
1389 1315 1578 1375 quibus-

167 1385 270 1430 dam
296 1383 538 1438 vilissimis,
565 1397 675 1443 quos
704 1380 928 1427 daemonas
950 1391 1131 1439 vocant,
1166 1398 1190 1427 a
1212 1383 1375 1444 quibus
1397 1401 1477 1431 nos
1502 1403 1580 1432 su-

165 1456 312 1518 perari
334 1454 536 1501 acumine
568 1468 617 1498 ac
653 1451 899 1498 subtilitate
936 1468 1146 1499 sensuum
1187 1470 1313 1515 posse
1355 1458 1575 1516 concedo,

166 1528 336 1575 ratione
351 1535 499 1573 autem
516 1540 646 1585 nego.
665 1526 812 1586 Atque
833 1524 881 1569 id
895 1524 988 1569 fieri
1007 1525 1154 1571 nescio
1172 1542 1261 1587 quo
1279 1527 1413 1574 modo
1433 1545 1578 1576 seere-

166 1601 333 1648 tissimo
354 1608 486 1661 atque
509 1613 533 1643 a
551 1596 709 1643 nostris
732 1595 931 1642 sensibus
953 1597 1260 1643 remotissimo.
1287 1601 1385 1645 Non
1403 1601 1520 1647 enim
1542 1604 1577 1649 si

166 1673 378 1719 miramur
400 1668 619 1731 apiculam
636 1702 647 1724 ,
672 1667 805 1713 meIIe
836 1668 1005 1728 posito,
1044 1669 1191 1714 nescio
1225 1685 1314 1731 qua
1343 1674 1577 1731 sagacitate

167 1761 256 1807 qua
269 1743 497 1789 hominem
510 1740 662 1796 vincit,
685 1739 807 1784 unde
824 1738 945 1784 unde
968 1738 1190 1797 advolare,
1210 1739 1312 1787 ideo
1334 1757 1430 1788 eam
1447 1745 1575 1791 nobis

166 1830 442 1880 praeponere,
465 1821 543 1858 aut
561 1810 715 1857 saltem
737 1826 992 1872 comparare
1011 1811 1241 1857 debemus.

226 1890 351 1934 XXI.
378 1890 534 1948 Itaque
554 1882 715 1929 vellem
747 1882 885 1943 magis
916 1882 999 1928 iste
1019 1881 1292 1941 Albicerius,
1319 1885 1375 1931 ab
1411 1902 1463 1933 eo
1495 1890 1573 1951 qui

167 1960 334 2007 discere
367 1965 571 2019 cuperet,
602 1955 896 2015 interrogatus
929 1953 1020 2015 ipsa
1053 1963 1192 1999 metra
1223 1955 1465 2016 docuisset,
1502 1960 1575 2006 vel

166 2042 345 2079 coactus
368 2047 391 2076 a
413 2028 624 2092 quopiam
648 2025 985 2082 consultorum,
1016 2023 1072 2069 de
1105 2041 1152 2070 re
1186 2026 1270 2071 sibi
1298 2029 1445 2075 statim
1467 2046 1574 2092 pro-

165 2104 308 2166 posita
321 2116 470 2149 versus
490 2099 691 2161 proprios
717 2097 956 2143 cecinisset.
986 2097 1119 2152 Quod
1151 2100 1358 2144 eumdem
1383 2101 1576 2150 Flaccia-

167 2191 277 2222 num
300 2188 414 2235 saepe
437 2171 594 2217 dixisse
620 2168 730 2215 soles
752 2184 1117 2225 commemorare,
1145 2186 1247 2215 eum
1271 2170 1384 2217 illud
1407 2172 1574 2222 divina-

166 2246 298 2293 tionis
337 2259 474 2306 genus
516 2256 678 2302 magna
717 2240 874 2288 mentis
910 2240 1144 2286 altitudine
1182 2241 1401 2289 derideret
1438 2255 1572 2309 atque

168 2317 435 2379 despiceret,
466 2313 602 2374 idque
633 2312 780 2358 neseio
812 2312 885 2357 cui
916 2313 1218 2374 abjectissimae
1256 2316 1484 2375 animulae,
1511 2320 1572 2366 sic

168 2390 287 2436 enim
311 2387 509 2442 dicebat,
529 2384 768 2440 tribueret,
793 2399 883 2445 quo
897 2383 971 2428 ille
993 2385 1119 2446 quasi
1139 2385 1296 2446 spiritu
1317 2386 1571 2437 admonitus

167 2460 239 2506 vel
259 2458 436 2505 inflatus
457 2456 552 2502 haee
574 2453 839 2517 respondere
865 2454 1016 2500 solitus
1038 2465 1163 2501 esset.
1195 2458 1432 2511 Quaerebat
1453 2462 1570 2508 enim

168 2533 233 2578 vir
265 2529 340 2576 ille
371 2528 646 2575 doctissimus
685 2527 838 2581 abiis,
884 2526 961 2588 qui
1000 2526 1101 2572 talia
1124 2528 1413 2587 mirarentur,
1460 2549 1567 2580 num

386 2614 508 2644 cvm.
1357 2604 1381 2644 3
