1852 3163
291 165 377 203 130
729 177 762 203 s.
799 174 1028 204 Auens-nm
1061 177 1240 205 EPISCOPl

282 241 437 286 seriam
453 254 585 295 quam
602 249 855 298 egestatem,
873 242 1167 303 convenitque
1182 242 1296 286 inter
1318 256 1397 286 nos
1419 255 1589 296 omnes,
1606 242 1685 303 qui

283 320 453 370 egeant,
472 311 646 356 miseros
656 327 759 356 esse.
778 312 862 357 Sed
876 322 1026 357 utrum
1042 328 1191 357 omnes
1200 314 1333 357 etiam
1347 312 1494 357 miseri
1509 321 1681 371 egeant,

282 381 494 429 nonnulla
517 383 703 444 quaestio
725 393 810 439 est⁷
839 399 973 444 quam
995 385 1200 430 hesterno
1242 384 1313 430 die
1337 400 1428 430 non
1454 384 1681 445 potuimus

283 453 509 514 explicare.
537 457 630 499 Hoc
652 464 799 499 autem
820 455 880 499 ita
896 471 940 500 se
964 455 1140 512 habere,
1161 457 1196 501 si
1216 457 1327 502 ratio
1348 456 1679 502 demonstrave-

280 524 350 580 rit,
389 526 698 585 perfectissime
719 526 950 571 inventum
972 536 1036 572 est
1061 528 1137 588 qui
1169 527 1224 571 sit
1252 528 1425 587 beatu83
1456 527 1538 572 erit
1567 527 1686 572 enim

282 595 355 641 ille
372 597 448 658 qui
465 613 556 643 non
581 606 692 656 eget.
713 598 864 643 Omnis
887 597 1005 642 enim
1023 613 1115 643 non
1135 599 1278 655 miser,
1298 599 1454 645 beatus
1471 608 1553 645 est.
1576 600 1686 644 Bea-

281 675 350 712 tus
372 677 438 713 est
456 684 560 728 ergo
588 670 665 730 qui
687 678 876 729 egestate
899 679 1039 726 earet,
1067 670 1102 714 si
1125 685 1260 731 quam
1291 670 1480 717 dicimus
1512 678 1686 732 egesta-

282 747 389 798 tem,
413 740 614 787 eamdem
634 741 852 787 miseriam
873 757 965 788 esse
986 741 1254 788 constiterit.

741 965 1033 1028 Quoestz'onz‘s
1063 973 1218 1012 status
1228 1000 1238 1010 .

342 1088 506 1133 XXIV.
521 1090 638 1142 Qum
661 1089 793 1146 enim,
820 1090 880 1136 ait
901 1091 1148 1149 Trygefius,
1173 1105 1266 1134 non
1290 1096 1437 1149 potest
1458 1102 1510 1132 ex
1531 1101 1583 1132 eo
1594 1085 1686 1148 jam

284 1160 458 1215 confici,
483 1176 660 1205 omnem
681 1177 772 1205 non
789 1170 990 1219 egentem
1007 1162 1188 1205 beatum
1213 1176 1320 1215 esse,
1352 1174 1442 1220 quo
1473 1157 1683 1203 manifes-

289 1240 386 1275 tum
421 1241 484 1276 est
520 1247 697 1276 omnem
718 1232 795 1293 qui
832 1241 957 1291 egeat
984 1247 1073 1276 esse
1102 1232 1334 1276 miserum?
1364 1232 1475 1276 Nam
1502 1245 1682 1275 conces-

290 1303 391 1347 sisse
418 1318 497 1347 nos
529 1303 708 1346 memini
754 1302 863 1346 nihil
902 1318 992 1347 esse
1024 1303 1222 1347 medium
1256 1303 1368 1346 inter
1401 1302 1609 1346 miserum
1643 1310 1687 1346 et

264 1374 480 1438 'beatum
507 1372 798 1434 Aliquid-ne,
824 1374 1030 1433 inquam,
1056 1373 1170 1417 inter
1208 1382 1434 1418 mortuum
1465 1383 1509 1418 et
1542 1373 1692 1418 vivum

286 1445 365 1489 tibi
388 1443 584 1488 medium
605 1444 780 1489 videtur
802 1446 923 1488 esse?
945 1446 1100 1490 Nonne
1123 1444 1263 1489 omnis
1292 1445 1426 1489 homo
1457 1452 1533 1488 aut
1562 1444 1687 1489 vivus

287 1525 363 1561 aut
383 1524 583 1560 mortuus
605 1516 694 1559 est?
728 1518 910 1571 Fateor,
937 1515 1082 1576 inquit
1101 1550 1112 1572 ,
1144 1531 1289 1577 neque
1316 1516 1388 1560 hic
1409 1530 1502 1560 esse
1524 1514 1693 1577 aliquid

284 1587 496 1633 medium.
520 1588 606 1633 Sed
622 1602 834 1649 quorsum
856 1586 1154 1644 istudPQuia‚
1181 1588 1366 1648 inquam
1381 1621 1394 1644 ,
1417 1587 1551 1632 etiam
1571 1587 1692 1634 istud

283 1668 328 1705 te
358 1659 486 1705 fateri
516 1659 648 1704 eredo
680 1674 877 1716 omnem,
918 1659 996 1720 qui
1030 1668 1134 1704 ante
1172 1674 1340 1705 annum
1371 1657 1570 1721 sepultus
1604 1668 1686 1717 est,

285 1748 378 1778 esse
394 1741 634 1778 mortuum.
660 1734 758 1779 Non
772 1732 977 1792 negabat.
1003 1731 1122 1786 Quid
1140 1733 1280 1778 omnis
1304 1732 1501 1794 quiante
1524 1748 1692 1778 annum

287 1804 484 1866 sepultus
520 1820 612 1850 non
644 1813 730 1861 est,
756 1804 896 1850 vivit?
923 1806 1049 1860 Non,
1087 1804 1170 1861 ait,
1206 1804 1420 1865 sequitur.
1447 1807 1565 1865 Ergo
1581 1840 1593 1862 ,
1617 1805 1690 1850 in-

286 1891 443 1938 quam,
464 1891 555 1922 non
576 1875 789 1937 sequitur,
815 1883 866 1919 ut
882 1875 918 1919 si
939 1875 1079 1920 omnis
1101 1875 1178 1937 qui
1200 1885 1300 1935 eget
1320 1876 1451 1921 miser
1473 1885 1539 1921 est
1552 1911 1564 1933 ‚
1590 1891 1688 1922 om-

286 1949 353 1993 nis
387 1949 464 2009 qui
494 1963 586 1993 non
614 1956 711 2006 eget
746 1947 801 1992 sit
834 1947 1010 2004 beatus,
1049 1948 1250 2009 quamvis
1282 1948 1397 1993 inter
1417 1948 1623 1994 miserum
1649 1958 1693 1993 et

289 2021 492 2076 beatum,
525 2028 576 2064 ut
607 2019 724 2064 inter
744 2019 895 2065 vivum
915 2028 960 2065 et
980 2028 1205 2066 mortuum
1218 2055 1231 2076 ‚
1269 2019 1466 2066 medium
1486 2019 1599 2065 nihil
1619 2019 1690 2066 in-

295 2093 435 2139 veniri
461 2100 609 2153 queat.

289 2274 447 2323 [Wc‘ser
468 2284 539 2323 est
560 2275 714 2322 omnis
735 2274 820 2334 qai
843 2282 965 2337 eget.
1002 2272 1214 2334 Sapiens
1229 2286 1380 2332 porro
1403 2270 1570 2332 aliquo
1591 2287 1690 2320 non

939 2355 1061 2409 eget.

355 2459 494 2502 XXV.
531 2460 657 2511 Quoi)
680 2470 781 2500 eum
799 2453 936 2516 ali-qui
951 2468 1103 2499 eorum
1118 2452 1252 2513 paulo
1275 2452 1442 2499 tardius
1458 2453 1691 2499 intellexis-

297 2538 413 2584 sent,
430 2544 499 2573 me
512 2527 559 2573 id
580 2528 740 2588 quibus
760 2525 884 2586 potui
901 2524 1044 2571 verbis
1061 2524 1117 2569 ad
1140 2540 1291 2570 eorum
1313 2539 1487 2571 sensum
1515 2540 1688 2571 accom-
