1888 3168
634 219 689 245 DE
722 215 874 244 Mitsma
909 217 990 243 rm.
1028 217 1087 243 vl.
1480 197 1563 239 487

172 304 252 334 1100
278 298 423 333 tamen
444 285 643 330 naturale
664 283 774 329 illud
794 282 1010 344 judicium
1029 282 1096 326 his
1118 279 1464 326 dimensionibus
1487 294 1566 340 ap-

172 359 409 422 probandis
432 357 641 402 adhibere
659 370 881 417 possemus
901 373 909 401 :
930 369 986 399 an
1000 353 1081 398 tibi
1094 368 1184 398 non
1192 352 1398 398 videtur?
1412 354 1466 396 D.
1481 354 1569 398 Ne-

172 447 273 493 gare
296 446 387 476 non
415 443 594 490 possum
625 428 686 473 ita
707 426 873 473 videri:
897 441 1001 471 nam
1032 439 1131 470 mea
1152 423 1334 485 quidem
1355 422 1571 468 sententia

172 518 238 548 res
255 503 301 547 in
324 509 475 563 aperto
493 509 571 544 est.
598 501 659 545 M.
689 501 914 543 Tenentur
935 512 1039 557 ergo
1062 504 1105 540 et
1132 495 1180 540 hi
1203 492 1434 555 judiciales
1453 510 1569 540 non-

173 573 308 618 nullis
329 572 492 617 finibus
514 569 824 631 temporalium
846 569 1085 630 spatiorum
1098 602 1109 623 ,
1135 581 1246 628 quos
1267 565 1315 609 in
1329 564 1572 626 judicando

172 643 382 690 excedere
411 651 641 704 nequeunt
656 678 666 698 ,
689 651 733 687 et
753 639 972 702 quidquid
985 637 1156 684 excedit
1176 637 1272 681 haec
1293 637 1430 697 spatia
1445 672 1457 694 ,
1481 653 1572 684 non

173 724 467 777 assequuntur
487 724 539 759 ut
553 712 782 774 judicent:
805 723 937 773 atque
962 712 1021 756 ita
1039 710 1073 755 si
1096 717 1320 764 tenentur,
1346 709 1572 770 quomodo

171 789 258 834 sint
278 786 547 833 immortales
560 802 651 832 non
667 785 812 831 video.
830 788 881 830 D.
902 786 991 830 Nec
1015 798 1096 843 ego
1118 780 1246 828 video
1268 780 1375 842 quid
1398 796 1576 841 respon-

173 860 316 906 deam.
346 860 432 906 Sed
447 874 704 921 quanquam
722 857 777 903 de
798 855 1128 902 immortalitate
1144 854 1304 899 horum
1325 853 1416 915 jam
1428 853 1575 899 minus

171 947 450 994 praesumam,
471 948 562 977 non
584 940 733 976 tamen
756 946 846 991 quo
873 937 1004 989 pacto
1026 927 1129 972 hinc
1151 925 1356 972 mortales
1388 925 1575 972 convinm

172 1013 329 1050 cantur
345 1003 560 1063 intelligo.
583 1002 698 1047 Fieri
718 1002 835 1046 enim
852 1008 1011 1061 potest,
1032 1008 1083 1044 ut
1095 1006 1454 1060 quantacumque
1476 1012 1576 1057 spa-

174 1075 230 1120 tia
246 1075 446 1136 judicare
470 1083 668 1135 possunt,
684 1088 858 1133 semper
878 1072 923 1116 id
941 1071 1124 1132 possint,
1139 1069 1348 1131 quoniam
1359 1084 1450 1115 non
1462 1068 1576 1114 sicut

172 1155 368 1203 caeterOS,
393 1155 469 1191 aut
491 1144 714 1191 oblivione
737 1144 902 1190 aboleri
925 1157 1102 1204 possum
1127 1142 1294 1198 dicere,
1322 1150 1398 1186 aut
1419 1141 1575 1186 tandiu

172 1235 263 1265 0330
284 1218 355 1264 vel
376 1220 422 1264 in
445 1228 621 1264 tantum
645 1217 821 1262 extendi
844 1253 854 1273 ,
887 1217 1088 1279 quandiu
1119 1230 1251 1261 sonus
1274 1213 1509 1275 appellitur
1533 1223 1577 1259 et

173 1291 218 1335 in
260 1299 479 1352 quantum
511 1290 815 1335 extenduntur
857 1303 1108 1334 occursores
1143 1287 1230 1343 illi,
1265 1295 1342 1331 aut
1374 1285 1575 1347 quandiu

173 1371 381 1422 aguntur,
401 1361 472 1407 vel
487 1371 704 1422 quantum
722 1359 1034 1421 producuntur
1059 1375 1169 1420 quos
1186 1373 1484 1419 progressores
1497 1373 1576 1404 vo-

170 1434 388 1490 cavimus,
413 1449 514 1477 nam
537 1433 715 1494 utrique
732 1448 834 1477 011111
852 1433 946 1492 ipso
975 1441 1174 1492 tempore
1197 1430 1462 1488 operationis
1485 1446 1575 1474 suae

169 1513 399 1550 transeunt
422 1524 430 1548 :
450 1504 497 1548 hi
519 1513 666 1548 autem
682 1503 928 1565 judiciales,
945 1512 1096 1547 utrum
1109 1509 1153 1544 et
1174 1500 1220 1543 in
1243 1499 1388 1543 anima
1411 1500 1573 1555 nescio,

170 1577 216 1622 in
236 1577 328 1637 ipsa
345 1584 461 1620 certe
477 1576 666 1619 hominis
688 1585 847 1617 natura
862 1581 1060 1627 manent,
1074 1570 1314 1632 judicaturi
1328 1569 1382 1615 de
1396 1570 1571 1628 oblatis,

171 1662 427 1709 quanquam
452 1662 475 1690 a
490 1655 607 1691 certa
622 1644 837 1690 brevitate
853 1658 992 1704 usque
1006 1642 1061 1687 ad
1078 1652 1241 1687 certam
1252 1641 1576 1701 longitudinem

170 1720 417 1775 varientur,
447 1717 735 1779 approbando
765 1716 812 1761 in
843 1716 909 1760 1113
943 1730 1201 1770 numerosa,
1243 1724 1286 1759 et
1319 1714 1577 1774 perturbata

171 1790 441 1836 damnando.

231 1864 355 1907 XIX.
388 1864 449 1908 M.
485 1860 648 1906 Saltem
681 1859 794 1904 illud
824 1858 1051 1914 concedis,
1086 1858 1192 1903 alios
1217 1858 1416 1904 homines
1450 1859 1577 1904 citius

170 1934 341 1980 offendi
362 1932 711 1980 claudicantibus
725 1932 935 1987 numeris,
952 1932 1058 1977 alios
1079 1930 1262 1987 tardius,
1287 1941 1330 1976 01
1343 1931 1577 1993 plerosque

172 2006 347 2051 nonnisi
380 2021 431 2050 ex
464 2005 791 2065 comparatione
832 2004 1106 2064 integrorum
1141 2002 1339 2063 judicare
1372 2003 1574 2059 vitiosos,

172 2094 274 2124 cum
291 2086 333 2122 et
345 2076 442 2122 illos
454 2091 671 2136 congruos
686 2084 727 2120 et
745 2073 843 2120 illos
861 2075 1127 2135 incongruos
1141 2073 1375 2119 audierint.
1392 2077 1445 2119 D.
1462 2077 1578 2120 Con-

176 2150 301 2196 cedo.
327 2152 389 2195 M.
417 2149 545 2194 Unde
566 2147 745 2193 tandem
767 2148 882 2192 hanc
904 2146 1199 2192 differentiam
1219 2155 1347 2207 putas
1365 2147 1547 2192 existere
1563 2183 1574 2203 ,

173 2221 255 2266 nisi
278 2229 355 2265 aut
368 2229 540 2275 natura,
559 2228 635 2263 aut
652 2219 976 2274 exercitatione,
1004 2228 1082 2263 aut
1096 2220 1318 2279 utroque?
1341 2221 1393 2263 D.
1422 2218 1490 2264 Sic
1505 2234 1575 2263 ar-

174 2292 328 2337 bitror.
365 2292 427 2336 M.
455 2292 615 2344 Quaero
652 2290 785 2350 igitur
820 2299 970 2334 utrum
997 2291 1131 2350 possit
1159 2289 1314 2350 aliquis
1351 2288 1576 2350 aliquanto

174 2362 455 2425 productiora
478 2361 705 2406 intervalla
727 2359 926 2427 jtidicare
959 2370 1002 2405 et
1030 2361 1300 2421 approbare,
1335 2377 1435 2423 quse
1470 2361 1578 2406 alius

174 2450 266 2479 non
288 2433 448 2493 possit?
477 2435 528 2477 D.
567 2431 709 2477 Credo
744 2448 833 2476 esse
864 2447 1004 2491 posse.
1024 2435 1091 2478 M.
1134 2431 1251 2485 Quid
1276 2431 1349 2476 ille
1381 2432 1458 2492 qui
1491 2448 1578 2476 non

176 2513 334 2565 potest,
362 2504 395 2548 si
429 2518 473 2547 30
496 2513 692 2547 exerceat
722 2512 1041 2562 congruenter,
1083 2519 1162 2547 1100
1187 2502 1294 2547 adeo
1321 2502 1470 2547 tardus
1494 2504 1573 2557 sit,

172 2593 318 2621 11011110
342 2576 529 2635 poterit?
554 2579 603 2618 1).
633 2575 795 2619 Poterit
825 2591 939 2620 vero.
971 2578 1027 2618 M.
1057 2578 1171 2619 Num
1194 2575 1238 2617 in
1265 2585 1433 2618 tantum
1467 2590 1564 2633 pos-
