1888 3168
299 181 381 220 506
746 193 777 217 s.
816 187 1044 218 AUGUSTINI
1077 187 1257 216 Emscom
1303 198 1307 199 ν

297 272 395 301 cum
406 257 494 316 jam
511 256 552 298 in
577 269 623 298 oa
639 256 692 299 sit
711 269 832 298 nosse
856 254 920 298 his
939 269 1028 298 csse
1046 253 1378 297 inhaercndum?
1396 255 1446 297 D.
1474 256 1568 298 Imo
1589 269 1681 298 ma-

297 329 408 372 xime
428 336 477 371 ut
491 326 537 371 id
549 325 870 371 consideremus
890 335 1013 386 pcto,
1035 334 1076 369 et
1091 323 1207 369 unde
1225 323 1391 370 accidat
1410 323 1516 370 scire
1536 327 1677 385 cupio.

300 402 359 443 M.
386 398 530 442 Facile
552 397 596 442 id
615 397 797 453 videbis,
823 398 855 441 si
880 395 1232 441 animadverteris
1255 396 1415 457 quibus
1442 396 1571 441 rebus
1592 412 1684 441 ma-

296 470 408 514 xime
426 469 621 513 animum
643 471 855 514 soleamus
880 466 1127 523 intendero,
1153 477 1196 511 et
1218 483 1420 527 magnam
1443 483 1592 512 curam
1609 483 1683 512 ex-

296 542 446 591 hibere
469 556 596 586 :nam
625 556 696 585 eas
718 541 873 600 opinor
900 555 991 584 esse
1018 555 1126 600 quas
1154 539 1344 584 multum
1376 554 1570 584 amamus
1595 558 1604 584 z
1630 554 1686 587 an

298 622 345 657 tu
383 611 485 657 alias
519 611 739 672 opinaris?
772 614 823 655 D.
850 609 1000 656 Nullas
1022 610 1227 670 equidem
1250 609 1367 654 alias.
1392 613 1453 655 M.
1484 610 1584 666 Die,
1610 626 1686 656 oro

297 693 362 737 te‚
388 698 497 727 num
511 697 741 743 possumus
764 696 909 726 amare
931 681 1012 725 nisi
1033 681 1244 741 pulchra?
1261 684 1371 727 Nam
1393 691 1436 726 et
1457 682 1490 726 si
1507 681 1686 744 quidam

296 753 502 799 videntur
540 769 684 798 amare
723 751 962 809 deformia,
1006 768 1116 813 quos
1154 752 1288 813 vulgo
1319 753 1459 798 Graeci
1488 760 1687 807 ἕαπροφίλοις

296 835 476 881 vocant,
503 826 682 870 interest
703 833 850 869 tamen
878 832 1045 885 quanto
1067 824 1210 868 minus
1235 821 1417 884 pulchra
1441 825 1526 870 sint
1553 839 1687 886 quam

298 896 372 941 illa
393 913 493 957 quae
515 896 715 957 pluribus
731 895 921 956 placent.
946 897 1057 941 Nam
1072 910 1121 939 ea
1142 894 1363 939 neminem
1386 909 1530 940 amare
1545 897 1688 941 mani-

298 968 457 1013 festum
469 977 553 1024 est,
580 982 769 1029 quorum
784 966 983 1012 foeditate
997 981 1145 1012 sensus
1162 966 1416 1011 offenditur.
1437 969 1489 1011 D.
1512 970 1578 1012 Ita
1596 977 1686 1024 est,

297 1049 348 1084 ut
370 1039 492 1085 dicis.
518 1042 579 1085 M.
609 1042 713 1084 Haec
743 1039 876 1099 igitur
897 1038 1082 1099 pulchra
1105 1053 1288 1083 numero
1313 1037 1508 1098 placent,
1534 1039 1580 1083 in
1601 1053 1690 1100 quo

294 1112 384 1171 jam
401 1111 668 1157 ostendimus
685 1109 981 1172 aequalitatem
998 1110 1159 1170 appeti.
1180 1112 1279 1156 Non
1289 1110 1405 1153 enim
1417 1110 1500 1159 hoc
1517 1118 1690 1155 tantum

297 1183 344 1226 in
367 1197 417 1227 ea
438 1182 788 1242 pulchritudine,
804 1198 904 1243 quae
918 1181 973 1226 ad
992 1197 1115 1226 aures
1129 1181 1340 1242 pertinet,
1358 1190 1490 1242 atque
1505 1182 1551 1225 in
1568 1191 1690 1226 motu

297 1268 530 1313 corporum
569 1263 654 1309 est,
685 1254 928 1307 invenitur,
971 1252 1047 1297 sed
1079 1253 1126 1297 in
1153 1253 1254 1312 ipsis
1287 1252 1420 1297 etiam
1447 1251 1691 1297 visibilibus

297 1324 471 1380 formis,
496 1324 542 1368 in
569 1324 731 1384 quibus
753 1325 845 1383 jam
875 1322 1074 1366 usitatius
1104 1323 1263 1367 dieitur
1290 1323 1591 1383 pulchritudo.
1623 1326 1692 1368 An

299 1395 419 1439 aliud
441 1410 574 1455 quam
597 1392 892 1455 aequalitatem
909 1407 1187 1436 numerosam
1210 1407 1298 1436 esse
1321 1394 1564 1449 arbitraris,
1591 1408 1692 1438 cum

298 1466 417 1526 paria
437 1465 615 1525 paribus
642 1465 744 1508 bina
767 1463 964 1508 membra
988 1461 1254 1522 respondent
1276 1481 1284 1507 :
1310 1478 1409 1523 quae
1432 1472 1578 1508 autem
1601 1464 1693 1508 sin-

300 1536 400 1596 gula
430 1546 556 1592 sunt,
589 1535 783 1580 medium
815 1535 961 1580 locum
990 1543 1165 1589 tenent,
1194 1543 1245 1577 ut
1266 1533 1321 1578 ad
1343 1549 1392 1578 ea
1424 1535 1479 1578 de
1507 1543 1694 1596 utraque

298 1616 421 1666 parte
461 1607 581 1667 paria
613 1605 842 1650 intervalla
878 1605 1142 1649 serventur?
1178 1607 1228 1648 D.
1267 1606 1365 1649 Non
1401 1603 1526 1649 aliter
1563 1615 1724 1666 puto..

299 1680 360 1723 M.
386 1678 503 1731 Quid
524 1678 568 1721 in
590 1677 679 1737 ipsa
696 1675 794 1720 luce
806 1674 965 1720 visibili
982 1709 992 1730 ,
1010 1690 1110 1735 quae
1123 1675 1319 1720 omnium
1341 1675 1540 1721 colorum
1561 1676 1694 1722 habet

298 1748 593 1809 principatum
607 1783 618 1802 ‚
644 1762 747 1792 nam
762 1755 805 1791 et
826 1745 946 1791 color
964 1761 1043 1791 nos
1061 1745 1249 1791 delectat
1270 1747 1316 1791 in
1337 1762 1572 1808 corporum
1595 1746 1690 1793 for-

299 1821 402 1878 mis3
427 1819 534 1881 quid
556 1834 657 1877 ergo
683 1818 803 1863 aliud
825 1819 870 1863 in
891 1817 990 1863 luce
1011 1827 1055 1863 et
1076 1817 1315 1874 coloribus,
1340 1819 1421 1864 nisi
1444 1820 1564 1880 quod
1585 1835 1690 1865 nos-

300 1893 375 1937 tris
397 1891 533 1937 oculis
553 1892 782 1951 congruit,
816 1891 1087 1951 appetimus?
1118 1891 1292 1935 Etenim
1315 1906 1338 1934 a
1363 1891 1498 1936 nimio
1520 1890 1693 1951 fulgore

301 1980 548 2010 aversamur
561 2000 572 2019 ,
593 1973 636 2008 et
653 1963 779 2008 nimis
793 1963 977 2008 obscura
989 1963 1194 2008 nolumus
1212 1978 1388 2008 cernere
1402 1998 1413 2018 ‚
1434 1963 1545 2008 sicut
1562 1964 1692 2008 etiam

299 2036 345 2080 in
376 2035 490 2080 sonis
529 2043 573 2079 et
604 2050 628 2079 a
650 2034 834 2078 nimium
865 2033 1120 2079 sonantibus
1156 2034 1462 2093 abhorremus,
1499 2042 1543 2078 et
1571 2034 1693 2094 quasi

299 2105 567 2150 susurrantia
588 2121 679 2150 non
710 2119 918 2150 amamus.
947 2104 1076 2158 Quod
1098 2120 1187 2149 non
1219 2104 1266 2148 in
1287 2113 1535 2164 temporum
1556 2104 1694 2149 inter-

301 2176 423 2222 vallis
446 2185 533 2232 est,
553 2175 685 2221 sedin
705 2176 798 2236 ipso
816 2189 949 2231 sono,
965 2176 1041 2236 qui
1055 2176 1177 2236 quasi
1189 2174 1265 2219 lux
1285 2183 1348 2219 est
1359 2174 1511 2220 talium
1532 2190 1692 2220 nume-

301 2262 471 2302 rorum,
507 2247 578 2292 cui
604 2247 662 2291 sic
696 2255 759 2291 est
787 2246 1057 2291 contrarium
1095 2244 1340 2300 silentium⁷
1386 2254 1437 2289 ut
1472 2245 1692 2292 coloribus

302 2318 508 2362 tenebrae.
547 2321 598 2362 In
626 2318 695 2362 -his
729 2333 832 2377 ergo
864 2332 965 2362 cum
996 2318 1238 2377 appetimus
1273 2316 1574 2361 convenientia
1612 2332 1692 2377 pro

301 2399 469 2433 naturae
492 2399 652 2433 nostrae
670 2388 801 2433 modo
818 2423 828 2443 ,
854 2397 897 2432 et
919 2387 1269 2432 inconvenientia
1304 2388 1567 2448 respuimus⁷
1592 2403 1692 2448 quae

252 2464 260 2472 “
302 2459 394 2503 aliis
428 2469 572 2504 tamen
606 2458 867 2504 animalibus
907 2458 1138 2504 convenire
1170 2458 1400 2513 sentimus,
1439 2473 1586 2503 nonne
1618 2458 1688 2502 hic

302 2530 431 2575 etiam
454 2529 648 2590 quodam
670 2529 930 2590 aequalitatis
948 2529 1047 2589 jure
1063 2528 1286 2585 laetamur,
1311 2544 1412 2575 cum
1441 2527 1690 2575 occultiori-
