1852 3163
272 196 354 233 212
706 206 739 234 5.
776 206 1006 235 Accessum
1042 209 1220 236 Eriscom

621 347 666 362 14ὶὶ
674 347 738 362 §IRA
745 347 808 363 §235
815 348 880 363 ῑῑΑὶ
886 348 951 364 Um
958 349 1022 364 §115
1029 349 1094 364 §2⁴55
1101 349 1164 365 xxv·
1170 350 1235 365 vm!
1244 349 1307 365 ὶὶαἱὶ
1314 349 1450 365 ΜΊΜἋΒ
1457 349 1520 365 kun
1526 350 1591 366 m}
1598 350 1662 366 lm

729 492 805 540 CA
818 495 853 540 P
864 495 895 542 11
907 495 946 540 Τ
997 496 1190 543 xxiii.

277 640 386 698 (juo
419 636 588 683 ordine
627 636 796 682 (mima
827 636 1112 697 provehitur
1140 635 1212 682 acl
1239 639 1559 700 cognitionem
1589 637 1667 684 sui

330 719 374 754 ec
406 710 554 769 ipsius
585 709 799 755 ustilatis.
826 736 883 743 —-
911 707 1091 755 Omnia
1123 709 1172 754 in
1205 724 1351 755 unum
1383 707 1599 755 tendunt,

324 848 505 892 XLVII.
542 849 606 892 ΕΤ
630 863 684 891 110
712 846 948 908 quisquam
969 845 1228 891 latissimum
1252 845 1420 908 aliquid
1442 861 1521 892 nos
1539 862 1659 892 eom-

266 917 412 979 plcxos
442 934 531 963 0550
566 918 827 974 arbitretur,
851 918 936 963 hoe
959 916 1058 963 dico
1097 917 1270 978 planius
1314 927 1446 978 atque
1468 918 1657 963 brevius.

266 991 337 1036 Ad
360 991 539 1035 istarum
562 1005 709 1035 rerum
727 989 1025 1050 cognitionem
1050 990 1271 1034 neminem
1294 990 1479 1050 aspirare
1500 988 1661 1034 debere

267 1062 359 1107 51110
382 1062 456 1107 1113
478 1062 600 1122 quasi
623 1062 789 1123 duplici
805 1062 983 1107 scicntia
1004 1062 1134 1107 bonae
1151 1060 1478 1122 disputationis,
1503 1070 1663 1122 poten-

266 1133 427 1194 tiaeque
450 1148 751 1178 numerorum.
781 1133 824 1178 Si
848 1133 945 1194 quis
983 1132 1115 1177 etiam
1136 1133 1220 1178 hoc
1242 1131 1482 1193 plurimum
1510 1141 1660 1192 putat,

266 1204 380 1250 solos
403 1220 609 1250 numeros
637 1204 802 1265 optime
819 1204 1018 1261 noverit,
1039 1213 1114 1250 aut
1143 1204 1279 1249 solam
1303 1203 1592 1249 dialecticam.
1621 1203 1665 1249 Si

265 1286 308 1321 ct
328 1277 414 1322 hoc
437 1277 659 1322 infinitum
679 1286 742 1321 cst
758 1312 767 1332 ,
785 1286 959 1321 tantum
977 1275 1171 1336 perfecte
1189 1275 1296 1321 sciat
1317 1274 1426 1337 quid
1449 1276 1503 1321 sit
1525 1289 1665 1320 unum

266 1348 312 1392 111
336 1349 549 1402 numeris,
577 1356 883 1408 quantumque
905 1346 1070 1402 valeat,
1097 1347 1297 1391 nondum
1324 1346 1372 1391 in
1400 1345 1473 1390 illa
1495 1360 1666 1391 summa

267 1419 364 1480 lege
397 1435 658 1481 summoque
680 1419 833 1465 ordine
864 1435 1011 1464 rerum
1044 1419 1267 1474 omnium,
1293 1418 1370 1464 sed
1397 1418 1443 1462 in
1470 1418 1542 1474 iis,
1563 1433 1665 1479 quae

266 1492 464 1553 quotidie
480 1491 640 1552 passim
658 1491 868 1536 sentimus
886 1500 1017 1552 atque
1029 1490 1211 1549 agimus.
1228 1488 1401 1550 Excipit
1423 1489 1539 1534 enim
1551 1489 1664 1534 hanc

266 1562 559 1609 cruditionem
575 1563 666 1624 jam
688 1562 779 1622 ipsa
796 1561 1085 1623 philosophice
1097 1559 1325 1621 disciplina
1339 1596 1350 1618 ,
1367 1561 1469 1606 etin
1486 1576 1536 1606 ea
1554 1558 1664 1605 nihil

266 1635 364 1696 plus
387 1634 554 1680 invenit
571 1649 706 1695 quam
724 1632 833 1694 quid
850 1634 904 1678 sit
924 1647 1065 1678 unum
1078 1668 1088 1688 ,
1115 1631 1191 1677 sed
1212 1632 1343 1692 longe
1365 1631 1493 1677 altius
1513 1631 1664 1692 longe-

263 1723 349 1768 que
372 1705 576 1751 divinius.
600 1706 736 1766 Cujus
769 1703 933 1765 duplex
964 1702 1148 1765 quaestio
1171 1712 1261 1748 est:
1290 1719 1378 1748 una
1414 1702 1468 1748 de
1492 1703 1661 1759 anima,

265 1778 400 1824 altera
423 1777 477 1823 de
499 1781 605 1823 Deo.
633 1777 777 1822 Prima
811 1776 944 1821 eflicit
976 1785 1026 1820 ut
1063 1774 1349 1835 nosmetipsos
1388 1774 1660 1831 noverimus,

264 1849 400 1895 altera
414 1858 464 1893 ut
477 1849 689 1907 originem
706 1856 914 1892 nostram.
934 1845 1014 1891 Illa
1027 1845 1154 1890 nobis
1172 1843 1359 1901 dulcior,
1375 1844 1456 1890 ista
1473 1845 1660 1891 charior:

264 1921 339 1966 illa
358 1936 435 1967 nos
459 1920 613 1979 dignos
630 1919 758 1964 beata
778 1919 866 1962 vita
883 1953 893 1973 ,
918 1917 1068 1963 beatos
1084 1917 1179 1960 haec
1199 1914 1316 1960 facit.
1343 1916 1489 1961 Prima
1507 1925 1572 1961 est
1588 1915 1665 1962 illa

265 1993 550 2048 discentibus,
568 1992 646 2036 ista
659 1992 749 2051 jam
763 1989 917 2035 doctis.
936 1989 1017 2034 Hic
1035 1997 1098 2033 cst
1109 1989 1217 2034 ordo
1232 1987 1479 2033 studiorum
1492 1989 1662 2049 sapien-

265 2066 338 2110 tiae
354 2100 365 2121 ,
390 2080 468 2125 per
490 2077 623 2124 quem
647 2063 697 2106 fit
719 2061 906 2122 quisque
929 2059 1116 2105 idoneus
1139 2058 1195 2104 ad
1229 2057 1564 2118 intelligendum
1587 2075 1661 2104 01·—

264 2137 413 2181 dincm
434 2150 580 2180 rerum
596 2170 606 2190 ,
628 2132 672 2177 id
705 2142 792 2187 est,
822 2130 877 2176 ad
899 2129 1220 2190 dignoscendos
1242 2129 1353 2175 duos
1374 2130 1565 2176 mundos
1582 2166 1593 2187 ,
1619 2139 1663 2176 et

259 2208 402 2267 ipsum
426 2216 654 2267 parentem
677 2202 970 2259 universitatis
989 2237 1000 2258 ,
1025 2202 1160 2262 Cujus
1183 2199 1305 2246 nulla
1327 2201 1506 2246 scientia
1528 2195 1661 2247 estin
1712 2262 1716 2264 ἡ

263 2280 407 2325 anima
425 2279 506 2324 nisi
528 2278 634 2323 scire
657 2274 882 2338 quomodo
901 2290 1002 2319 eum
1025 2273 1201 2319 nesciat.

317 2354 522 2395 XLVIII.
560 2352 689 2395 Hunc
706 2347 841 2408 igitur
863 2346 1064 2392 ordinem
1082 2355 1234 2390 tenens
1253 2344 1396 2389 anima
1408 2345 1500 2406 jam
1517 2343 1659 2405 philo-

217 2435 227 2475 }
261 2422 424 2484 sophiae
446 2420 626 2476 tradita,
653 2419 794 2480 primo
817 2434 861 2464 se
893 2418 1032 2478 ipsam
1054 2416 1227 2477 inspicit
1249 2435 1258 2462 z
1282 2425 1325 2461 et
1357 2416 1428 2461 cui
1455 2417 1549 2477 jam
1584 2415 1658 2462 illa

261 2494 448 2540 eruditio
471 2492 703 2554 persuasit,
720 2500 796 2535 aut
818 2506 963 2546 suam,
985 2498 1061 2534 aut
1083 2505 1126 2533 50
1149 2489 1287 2549 ipsam
1310 2503 1400 2533 esse
1422 2489 1652 2545 rationem,

263 2568 308 2610 in
332 2565 498 2611 ratione
521 2572 666 2609 autem
684 2571 759 2607 aut
781 2560 890 2607 nihil
913 2575 1002 2606 0550
1020 2559 1178 2605 melius
1196 2569 1238 2604 ct
1251 2559 1475 2620 potentius
1497 2574 1656 2605 nume-
