1888 3168
315 167 398 204 526
741 181 773 207 s.
811 178 1041 209 mensum
1075 181 1255 209 Erlscom

313 339 524 356 αἏὶΏΛΜΝΨἋ
529 340 1700 364 ἏἋΝΛΜΑΛΛΜἋΑῚΛΜΜΛΛΜΝἋἿΛΊΜΜΜΜΛΙΜΜΜΝΜὶΜΛΛΜΜ

836 452 1053 502 CAPUT
1095 455 1140 502 ΙΙ

315 595 591 644 l'erborum
632 600 930 662 signfficcctus
977 600 1172 646 nonnisi
1209 599 1367 647 verbis
1404 599 1468 648 ab
1511 602 1702 649 homine

867 670 1148 718 ostenditur.

368 810 449 851 111.
485 811 597 853 Aue.
634 810 832 854 CONSTAT
865 807 968 870 ergo
1000 810 1113 854 inter
1152 826 1231 856 nos
1262 811 1396 856 verba
1434 812 1555 872 signa
1593 828 1698 858 esse.

308 881 388 922 Λι).
430 881 627 924 Constat.
654 882 767 924 Aue.
794 880 912 934 Quid
932 882 1127 941 signum,
1153 882 1233 926 nisi
1258 881 1425 943 aliquid
1461 883 1698 942 significet,

305 959 448 1009 potest
468 966 558 994 esse
570 950 742 1010 signum
757 953 869 997 ?An.
888 955 987 999 Non
1008 962 1166 1013 potest.
1192 957 1305 999 Am.
1323 957 1443 1008 Quot
1454 954 1587 1000 verba
1599 965 1703 1000 sunt

304 1021 350 1065 in
372 1021 454 1066 hoc
475 1038 624 1078 versu,

366 1092 425 1138 Si
442 1091 567 1137 nihil
585 1110 648 1138 eoe
671 1103 812 1140 tanta
834 1094 1035 1156 Superis
1053 1095 1221 1156 placet
1242 1095 1359 1142 urbe
1375 1094 1643 1157 relz'nqm'1?

302 1178 369 1220 An
386 1212 396 1231 ,
426 1178 552 1221 Octo.
612 1181 725 1223 Am.
769 1181 880 1224 Octo
913 1196 1016 1240 ergo
1050 1181 1172 1240 signa
1216 1191 1333 1226 sunt.
1372 1185 1454 1226 An.
1501 1185 1566 1226 Ita
1617 1191 1696 1226 cst.

303 1250 415 1292 Am.
438 1248 580 1293 Credo
604 1259 646 1294 te
667 1251 787 1295 hunc
804 1267 978 1296 versum
991 1252 1250 1312 intelligere.
1268 1256 1350 1297 AD.
1373 1253 1480 1298 Satis
1495 1253 1696 1298 arbitror.

301 1320 414 1364 Aue„
441 1321 518 1365 Dic
548 1321 657 1365 mihi
679 1322 788 1382 quid
811 1323 980 1380 singula
1002 1323 1134 1367 verba
1155 1324 1416 1382 significent.
1443 1327 1525 1368 An.
1561 1323 1700 1369 Video

300 1391 479 1450 quidem
498 1392 605 1452 quid
627 1392 861 1451 significet,
887 1394 956 1448 si,-
969 1393 1043 1437 sed
1056 1393 1229 1437 nullum
1247 1393 1367 1437 aliud
1389 1394 1595 1450 verbum,
1610 1411 1699 1454 quo

300 1460 346 1504 id
364 1462 519 1521 exponi
534 1462 687 1521 possit,
706 1463 893 1507 invenio.
912 1466 1025 1508 Aue..
1046 1463 1206 1508 Saltem
1228 1462 1341 1507 illud
1357 1464 1546 1519 invenis,
1573 1464 1699 1525 quid-

300 1531 409 1592 quid
432 1533 702 1591 significatur
724 1533 807 1577 hoc
825 1534 960 1578 verbo
973 1534 1157 1577 ubinam
1180 1534 1266 1577 sit?
1287 1537 1369 1577 An.
1394 1533 1579 1578 Videtur
1591 1535 1698 1579 mihi

299 1603 442 1665 quod,
463 1605 525 1660 si,
545 1604 867 1648 dubitationem
885 1605 1116 1663 significet:
1135 1605 1227 1665 jam
1249 1604 1466 1649 dubitatio
1481 1640 1492 1660 ,
1517 1605 1595 1649 ubi
1617 1605 1697 1651 nisi

299 1676 343 1720 in
367 1675 514 1720 animo
545 1678 637 1720 est?
659 1679 771 1720 Auo.
806 1676 984 1736 Accipio
1012 1676 1208 1731 interim,
1230 1691 1490 1737 persequere
1521 1687 1691 1724 caetera.

297 1751 381 1792 An.
409 1746 574 1803 Nihil,
606 1747 715 1808 quid
746 1746 863 1791 aliud
886 1748 1121 1807 significat,
1143 1748 1223 1792 nisi
1263 1747 1309 1792 id
1330 1749 1452 1809 quod
1474 1765 1562 1794 non
1601 1752 1696 1794 est?

299 1822 411 1864 Arc„
430 1821 594 1863 Verum
611 1817 793 1864 fortasse
809 1817 937 1863 dicis:
964 1818 1041 1863 sed
1062 1827 1237 1864 revocat
1253 1834 1324 1863 me
1341 1819 1396 1862 ab
1419 1820 1694 1866 assentiendo

299 1890 420 1951 quod
433 1891 630 1950 superius
649 1889 914 1946 concessisti,
934 1905 1023 1934 non
1035 1905 1124 1934 esse
1139 1890 1312 1948 signum
1325 1889 1407 1934 nisi
1425 1889 1591 1950 aliquid
1604 1891 1693 1950 sig-

299 1962 446 2006 nificet
469 1982 477 2007 ε
509 1961 632 2022 quod
666 1971 809 2006 autem
844 1978 934 2006 non
962 1971 1047 2018 est,
1080 1960 1204 2006 nullo
1237 1961 1371 2006 modo
1402 1977 1493 2006 esse
1526 1962 1693 2024 aliquid

297 2043 454 2094 potest.
473 2036 616 2088 Quare
629 2032 870 2078 secundum
887 2033 1073 2077 verbum
1087 2033 1133 2077 in
1154 2033 1239 2077 hoc
1261 2048 1389 2078 versu
1410 2048 1500 2078 non
1518 2043 1582 2079 est
1603 2034 1691 2093 sig-

298 2121 404 2149 num
421 2141 431 2161 ,
457 2105 560 2166 quia
583 2120 672 2149 non
695 2104 909 2164 significat
930 2103 1118 2165 aliquid,
1141 2113 1185 2148 et
1205 2102 1315 2149 falso
1332 2104 1445 2149 inter
1467 2120 1545 2150 nos
1568 2121 1692 2150 cons-

297 2177 406 2231 titit,
433 2176 554 2237 quod
570 2176 716 2221 omnia
736 2176 869 2220 verba
890 2175 1009 2235 signa
1033 2176 1139 2230 sint,
1167 2183 1242 2219 aut
1259 2190 1389 2220 omne
1415 2175 1585 2234 signum
1616 2176 1692 2221 ali-

296 2248 405 2308 quid
424 2247 652 2307 significet.
676 2250 757 2292 An.
785 2246 920 2292 Nimis
942 2246 1121 2307 quidem
1139 2261 1287 2305 urges,
1305 2247 1379 2291 sed
1398 2245 1577 2308 quando
1599 2264 1689 2293 non

297 2319 507 2364 habemus
525 2319 630 2380 quid
646 2318 953 2377 significemus,
967 2318 1146 2363 omnino
1161 2317 1292 2362 stulte
1304 2317 1490 2362 verbum
1508 2317 1689 2380 aliquod

296 2391 555 2450 promimus:
582 2399 631 2435 tu
649 2398 795 2434 autem
812 2405 930 2434 nunc
953 2404 1127 2433 mecum
1143 2388 1390 2449 loquendo,
1412 2389 1542 2434 credo
1566 2389 1687 2450 quod

295 2462 466 2506 nullum
493 2476 649 2506 sonum
668 2459 826 2505 frustra
852 2459 1037 2516 emittis,
1063 2458 1140 2505 sed
1161 2459 1364 2505 omnibus
1386 2477 1485 2522 quae
1511 2476 1586 2506 ore
1608 2471 1685 2506 tuo

343 2554 350 2571 ¹
378 2547 460 2589 Vir-g.
484 2546 605 2579 AEncid.
628 2546 682 2578 lib,
705 2558 737 2578 ιι.
