1852 3163
621 199 675 225 DE
709 198 869 226 (niman
902 198 985 225 Lm.
1024 200 1071 224 11.
1480 188 1564 225 179

166 281 189 309 a
204 264 328 310 vobis
352 265 643 325 impetravero
668 274 719 309 ut
740 281 763 309 a
786 280 856 308 me
878 264 1064 324 amplius
1094 263 1171 307 ista
1196 264 1474 324 responsione
1497 264 1567 308 ni-

166 336 230 380 hil
259 337 477 397 ssagitetis.
509 335 644 381 Nullo
679 337 838 392 modo⁷
879 336 1087 398 inquam,
1114 345 1177 380 est
1206 335 1338 396 Alypi
1375 336 1572 381 benevo-

165 408 312 454 lentiae
336 419 470 471 atque
488 408 773 453 humanitatis
796 417 885 453 tuae
898 424 1055 453 vocem
1073 417 1194 453 tuam
1214 407 1403 451 sermoni
1423 417 1573 453 nostro

167 482 297 527 etiam
312 477 604 526 desideratam
619 492 793 541 negare.
809 480 894 527 Sed
904 497 1036 542 perge
1049 479 1201 537 modo,
1219 479 1576 541 quodinstituisti

169 549 292 599 effice
305 575 315 612 3
333 563 492 599 caetera
506 562 557 598 ut
564 554 657 615 jam
672 570 762 599 sese
775 554 911 599 habet
925 553 1032 599 ordo
1046 552 1120 598 ille
1135 552 1410 614 provenient.
1430 555 1575 614 AEque

167 626 274 671 mihi
288 626 344 671 de
361 619 517 671 ordine
534 662 545 682 ,
566 626 712 688 inquit
728 663 738 683 ,
765 636 868 672 sunt
898 625 1114 688 speranda
1138 625 1348 682 meliora,
1375 626 1421 669 in
1448 627 1575 687 eujus

168 698 594 744 assertioneinterim
608 714 679 743 me
701 699 968 744 substituere
983 698 1197 744 voluistis.
1222 698 1323 754 Sed,
1348 698 1394 742 ni
1416 697 1572 754 fallor,

169 771 226 816 ob
248 771 333 816 hoe
356 770 585 815 stultitiam
608 774 699 816 Deo
717 771 797 815 ista
820 780 895 816 tua
918 762 1202 816 conclusione
1224 770 1279 814 ab
1302 770 1368 814 his
1392 769 1577 831 copula-

168 853 260 888 tam
292 844 481 905 putasti,
521 843 641 906 quod
676 844 878 889 universa
914 860 1014 906 quae
1036 843 1243 903 intelligit
1275 843 1445 904 sapiens
1475 859 1578 889 cum

169 919 260 962 Deo
283 932 372 961 esse
395 916 615 961 dixerunt.
636 916 721 961 Sed
739 915 784 961 id
802 926 1020 978 quatenus
1040 915 1346 977 accipiendum
1362 916 1438 973 sit,
1460 932 1580 961 nune

176 989 358 1046 omitto,
400 999 523 1034 tuam
552 988 671 1034 illam
696 990 1076 1035 ratiocinationem
1110 988 1345 1050 paululum
1375 989 1579 1048 adverte,

174 1060 321 1105 dixisti
335 1061 500 1122 quippe
518 1080 525 1106 :
541 1063 651 1106 Nam
671 1061 703 1117 si
722 1077 824 1105 eum
839 1064 929 1106 Deo
944 1071 1047 1106 sunt
1064 1077 1360 1122 quaecumque
1378 1060 1584 1120 intelligit

175 1134 369 1194 sapiens,
401 1150 482 1179 nee
524 1134 605 1178 nisi
643 1133 912 1179 intellectam
946 1134 1176 1179 stultitiam
1201 1134 1396 1193 effugere
1419 1143 1580 1194 potest.

174 1205 306 1259 Quasi
322 1221 426 1251 vero
448 1204 560 1249 illud
578 1204 817 1249 obscurum
835 1205 891 1249 sit
908 1241 917 1260 ,
938 1215 1176 1265 antequam
1210 1204 1443 1249 stultitiam
1465 1207 1584 1267 quis-

175 1293 263 1338 que
282 1278 412 1333 vitet,
435 1277 639 1336 sapientis
663 1293 765 1320 eum
782 1277 962 1320 nomine
984 1291 1075 1320 non
1094 1292 1184 1320 esse
1214 1277 1499 1322 censendum.
1527 1281 1586 1324 Et

175 1349 343 1394 dictum
361 1357 425 1393 est
440 1365 462 1392 a
476 1348 670 1403 sapiente
693 1346 916 1392 intellecta
940 1364 1030 1393 esse
1049 1364 1151 1393 eum
1187 1352 1294 1394 Deo.
1313 1352 1427 1395 Cum
1450 1350 1586 1410 igitur

176 1420 396 1465 evitandae
419 1417 618 1464 stultitiae
634 1418 772 1480 gratia
790 1420 991 1464 eamdem
1007 1420 1237 1465 stultitiam
1254 1421 1441 1483 quisque
1458 1421 1590 1471 ,intel-

176 1492 295 1554 ligst,
336 1493 538 1538 nondum
567 1501 633 1537 est
660 1492 847 1554 sapiens.
886 1495 1002 1539 Cum
1036 1504 1184 1539 autem
1217 1494 1388 1555 sapiens
1422 1495 1584 1554 fuerit,

177 1582 271 1612 non
305 1566 421 1611 inter
454 1582 504 1611 ea
531 1582 630 1627 quae
663 1564 737 1610 ille
776 1564 985 1626 intelligit
1007 1566 1191 1612 stultitia
1213 1567 1486 1614 numeranda
1505 1579 1585 1614 est.

180 1639 480 1694 Quamobrem
503 1640 712 1700 quoniam
750 1655 798 1683 ea
834 1640 1070 1700 conjuncta
1094 1650 1198 1686 sunt
1234 1644 1324 1687 Deo
1340 1678 1350 1698 ‚
1377 1659 1477 1704 quae
1494 1643 1589 1705 jam

180 1710 349 1773 Sapiens
362 1709 569 1770 intelligit
584 1746 595 1767 ‚
616 1719 733 1755 recte
754 1727 778 1756 a
800 1713 892 1756 Deo
909 1710 1094 1757 stultitia
1117 1713 1372 1759 secernitur.

241 1785 322 1828 IX.
338 1786 480 1828 Aeute
494 1782 690 1845 quidem,
708 1782 906 1845 inquam,
922 1791 973 1827 ut
990 1782 1116 1840 soles,
1138 1783 1288 1846 Alypi,
1307 1784 1586 1846 respondisti,

179 1854 257 1901 sed
273 1863 489 1917 tanquam
511 1855 556 1900 in
592 1854 754 1900 alienas
792 1863 939 1901 trusus
988 1855 1223 1915 angustias.
1260 1859 1425 1902 Tamen
1459 1859 1588 1920 quia,

182 1936 234 1972 ut
255 1926 467 1983 arbitror,
506 1926 651 1971 adhue
688 1942 863 1971 meeum
901 1926 1061 1971 stultus
1096 1943 1187 1972 esse
1220 1927 1410 1987 dignaris
1428 1966 1438 1987 ,
1480 1931 1592 1992 quid

183 1997 391 2043 faciemus
406 1998 441 2042 si
459 1997 653 2059 aliquem
668 1997 972 2042 nanciscamur
989 1997 1246 2058 sapientem,
1265 2001 1341 2062 qui
1365 2018 1442 2047 nos
1466 2012 1591 2049 tanto

182 2069 298 2116 malo
321 2070 524 2129 docendo
554 2085 604 2114 ae
627 2068 894 2129 disputando
916 2069 1106 2114 libenter
1128 2070 1314 2117 liberet?
1346 2076 1456 2119 Nam
1479 2074 1591 2120 nihil

183 2158 286 2188 eum
302 2143 424 2203 prius
441 2179 452 2198 ,
474 2150 692 2204 quantum
707 2142 896 2186 arbitror
912 2177 923 2198 ,
950 2142 1264 2203 deprecaturus
1288 2161 1386 2190 sum
1404 2182 1414 2202 ,
1441 2147 1522 2192 nisi
1539 2157 1592 2193 ut

183 2214 293 2260 mihi
310 2213 515 2260 ostendat
533 2231 632 2276 quae
647 2214 702 2260 sit
719 2250 730 2270 ,
751 2210 942 2275 quidsit,
963 2215 1104 2277 qualis
1118 2217 1173 2261 sit
1191 2218 1370 2263 omnino
1384 2218 1586 2266 stultitia.

186 2291 248 2333 De
274 2297 315 2332 te
332 2288 450 2332 enim
465 2303 555 2332 non
575 2286 706 2332 facile
741 2287 1050 2334 affirmaverim
1064 2326 1074 2346 ,
1100 2306 1170 2334 me
1190 2300 1335 2335 tamen
1358 2301 1533 2338 tantum
1550 2304 1594 2340 et

186 2358 344 2420 tandiu
374 2358 568 2415 detinet,
612 2368 831 2420 quantum
854 2368 898 2403 et
925 2359 1125 2421 quandiu
1156 2379 1179 2406 a
1206 2379 1277 2406 me
1306 2379 1396 2408 non
1425 2364 1592 2410 intelli-

189 2431 324 2492 gitur.
346 2430 554 2476 Dicturus
572 2440 636 2475 est
654 2446 756 2490 ergo
774 2430 848 2475 ille
872 2440 915 2475 te
932 2442 1110 2478 auctore
1138 2453 1146 2478 :
1174 2436 1231 2479 Ut
1246 2435 1332 2479 hoc
1360 2451 1436 2481 vos
1459 2436 1595 2482 doee-

189 2519 282 2548 rem
299 2539 311 2559 ,
337 2501 519 2565 quando
542 2501 700 2547 stultus
723 2519 841 2547 eram
858 2503 914 2547 ad
937 2519 1013 2555 me
1029 2505 1177 2549 venire
1202 2505 1437 2566 debuistis,
1462 2510 1597 2555 modo

192 2584 340 2621 autern
357 2567 437 2621 ves
455 2592 472 2619 x
485 2575 587 2620 estri
599 2575 792 2634 magistri
811 2592 900 2621 esse
921 2568 1112 2637 pot-erilis
1136 2598 1142 2622 ;
1166 2595 1267 2623 11;ιι11
1286 2581 1466 2639 ‹fgojam
1486 2582 1596 2627 stul-

1319 2654 1361 2678 {a
