1888 3168
634 165 759 192 LIBER
792 165 845 191 DE
880 163 1111 193 MAclsTlio.
1486 156 1565 193 557

175 230 433 285 affectatur,
459 228 632 274 obviam
659 231 782 274 fieret
805 230 989 289 aucupi,
1016 230 1143 274 armis
1166 228 1346 290 quidem
1369 230 1455 274 suis
1477 231 1568 275 ins-

175 309 342 356 tructo,
368 316 459 345 non
482 310 628 345 tamen
659 300 923 361 aucupanti,
949 301 1026 344 sed
1060 301 1141 345 iter
1169 300 1338 359 agenti,
1363 319 1452 362 quo
1480 303 1570 348 viso

173 381 392 431 premeret
415 371 625 432 gradum,
651 387 909 433 secumque,
935 380 985 416 ut
1010 372 1082 427 fit,
1109 372 1326 418 admirans
1360 374 1571 432 cogitaret

173 452 217 487 et
247 452 485 504 quaereret,
517 441 732 503 quidnam
754 443 836 487 sibi
867 442 1055 488 hominis
1085 441 1158 486 1116
1190 442 1324 488 vellet
1357 455 1568 504 ornatus,

172 530 331 575 auceps
352 523 499 559 autem
520 529 621 558 cum
644 514 691 558 in
713 529 757 558 se
784 514 955 559 videret
985 523 1203 559 attentum
1222 550 1232 570 ,
1255 516 1503 560 ostentandi
1526 533 1570 561 se

171 586 318 631 studio
340 602 502 631 cannas
524 585 767 646 expediret,
790 595 833 630 et
853 602 990 647 prope
1013 585 1359 631 animadversam
1378 587 1571 649 aliquam

171 657 387 704 aviculam
409 657 556 703 fistula
575 667 618 703 et
636 658 841 719 accipitre
864 659 1038 717 figeret,
1065 658 1287 717 subigeret
1304 668 1347 703 61
1368 669 1542 719 caperet
1556 695 1568 717 ,

169 745 318 775 nonne
339 730 465 774 illum
488 739 777 790 spectatorem
802 745 931 774 suum
948 728 1126 774 doceret
1147 729 1271 774 nullo
1295 730 1538 788 significatu
1556 767 1567 786 ,

169 801 245 846 sed
267 817 313 846 re
346 802 436 862 ipsa
450 837 460 857 ,
486 801 608 862 quod
630 800 704 846 ille
726 802 834 846 scire
856 801 1087 862 cupiebat?
1109 805 1191 846 AD.
1211 805 1363 846 Metuo
1385 817 1440 846 ne
1460 803 1569 863 quid

168 873 239 917 hic
257 871 342 916 tale
365 872 443 927 sit,
473 872 604 933 quale
623 872 678 916 de
700 872 776 917 illo
801 871 909 928 dixi,
933 873 1010 934 qui
1033 874 1190 934 quaerit
1213 871 1320 933 quid
1343 873 1569 918 sitambu-

167 943 273 988 lare.
299 945 451 1004 Neque
474 944 590 988 enim
609 943 759 999 video,
780 953 823 988 61
844 944 916 988 1116
939 953 1079 989 totum
1096 943 1207 988 illud
1221 944 1459 1004 aucupium
1481 961 1570 991 esse

168 1024 476 1061 monstratum.
511 1017 626 1059 Am.
664 1014 812 1059 Facile
843 1024 906 1060 est
935 1016 1016 1060 hac
1046 1032 1149 1060 cura
1185 1025 1223 1060 tc
1245 1031 1431 1076 exuere}
1453 1015 1569 1062 addo

167 1087 302 1142 enim,
325 1087 359 1130 si
378 1086 451 1131 ille
473 1087 533 1130 ita
554 1085 800 1146 intelligens
824 1096 954 1142 esset,
973 1096 1023 1131 ut
1041 1103 1091 1131 ex
1114 1088 1198 1132 1106
1216 1086 1338 1148 quod
1353 1087 1478 1143 vidit,
1502 1097 1571 1133 to-

169 1167 263 1203 tum
285 1158 396 1204 illud
412 1174 549 1218 genus
564 1159 665 1203 artis
680 1169 955 1218 agnosceret:
972 1161 1070 1204 satis
1091 1169 1154 1204 est
1168 1175 1360 1221 namque
1382 1160 1437 1204 ad
1456 1176 1566 1217 rem,

166 1239 211 1275 et
231 1230 286 1275 de
308 1229 576 1291 quibusdam
594 1230 724 1275 rebus
750 1231 918 1275 tametsi
935 1247 1026 1276 non
1048 1232 1276 1288 omnibus,
1294 1241 1337 1276 et
1354 1233 1568 1293 quosdam

165 1302 364 1347 homines
388 1301 535 1346 doceri
558 1318 682 1362 posse
705 1302 796 1346 51116
820 1302 958 1361 siguo.
981 1306 1063 1347 AD.
1088 1306 1182 1348 Hoc
1213 1303 1345 1348 etiam
1363 1319 1442 1362 ego
1464 1320 1568 1364 pos-

163 1389 263 1418 sum
277 1372 341 1417 illi
363 1373 548 1431 addere,
569 1373 602 1417 si
625 1373 743 1417 enim
765 1373 820 1417 sit
841 1374 954 1418 bene
971 1373 1217 1432 intelligens
1231 1410 1241 1430 ,
1267 1376 1416 1434 paucis
1433 1376 1570 1435 passi-

165 1445 249 1490 bus
293 1444 593 1489 ambulatione
627 1453 894 1500 monstrata,
933 1445 1220 1505 totuquuid
1248 1445 1302 1489 511
1342 1446 1567 1491 ambulare

165 1525 416 1576 cognoscet.
447 1519 561 1561 Am,
598 1516 748 1560 Facias
774 1532 853 1575 per
885 1531 955 1560 1116
984 1516 1110 1571 licet,
1137 1532 1217 1560 nec
1252 1526 1426 1561 ‘tantum
1455 1518 1568 1562 nihil

165 1589 340 1644 resisto,
364 1588 652 1632 verumetiam
677 1585 801 1631 faveo
824 1606 832 1631 ε
859 1586 979 1630 vides
1008 1587 1127 1630 enim
1161 1588 1215 1631 ab
1249 1597 1438 1649 utroque
1462 1605 1566 1635 nos—

165 1670 284 1705 trum
297 1659 342 1704 id
360 1659 490 1714 efflei,
505 1667 556 1702 ut
568 1658 772 1718 quaedam
785 1656 965 1718 quidam
978 1656 1124 1702 doceri
1137 1658 1228 1704 sine
1241 1659 1370 1718 signis
1384 1670 1564 1721 queant,

165 1732 415 1793 falsumque
437 1730 550 1775 illud
572 1732 626 1774 sit
643 1729 765 1791 quod
783 1729 909 1774 nobis
922 1729 1055 1790 paulo
1068 1740 1168 1775 ante
1184 1730 1418 1776 videbatur
1429 1768 1440 1788 ,
1457 1733 1568 1778 nihil

166 1820 256 1849 esse
279 1804 458 1848 0111111110
481 1802 602 1864 quod
620 1802 711 1847 51116
729 1802 860 1861 signis
892 1802 1028 1862 possit
1049 1802 1232 1847 ostendi.
1262 1806 1359 1848 Jam
1377 1805 1494 1850 enim
1517 1821 1568 1851 ex

166 1877 233 1921 his
249 1892 340 1921 non
357 1890 496 1919 unum
514 1874 680 1935 aliquid
695 1883 771 1918 aut
784 1872 970 1918 alterum
987 1910 997 1930 ,
1014 1873 1090 1918 sed
1107 1874 1243 1919 millia
1257 1891 1400 1920 rerum
1421 1878 1567 1923 auimo

167 1956 429 2003 occurrunt,
446 1962 546 2007 quae
569 1944 693 1990 nullo
717 1945 839 2004 signo
858 1945 961 1991 dato
978 1961 1056 2005 per
1077 1962 1121 1990 se
1143 1946 1234 2006 ipsa
1247 1958 1562 1994 monstrentur.

167 2019 286 2074 Quid
310 2019 428 2063 enim
450 2017 703 2062 dubitemus
724 2033 800 2062 oro
824 2019 893 2061 te?
914 2019 1024 2062 Nam
1051 2019 1344 2063 uthominum
1368 2020 1566 2065 omittam

168 2089 505 2136 innumerabilia
529 2087 776 2150 spectacula
807 2089 854 2132 in
888 2089 1092 2133 omnibus
1116 2090 1296 2135 theatris
1326 2091 1417 2136 sine
1444 2092 1566 2151 signo

168 2163 270 2223 ipsis
287 2162 416 2206 rebus
430 2160 732 2205 exhibentium
751 2181 761 2218 3
781 2159 916 2205 solem
934 2169 1050 2204 certe
1066 2160 1198 2205 istum
1215 2161 1450 2223 lucemque
1472 2164 1566 2209 haee

169 2234 316 2279 onmia
338 2231 680 2293 perfundentem
703 2241 834 2293 atque
855 2232 1135 2289 vestientem,
1154 2232 1304 2279 lunam
1339 2243 1383 2278 et
1411 2244 1567 2280 caetera

169 2306 331 2361 sidera,
364 2313 499 2350 terras
537 2313 581 2348 61
611 2304 772 2360 maria,
804 2319 992 2365 quaeque
1019 2304 1065 2348 in
1093 2305 1159 2349 his
1188 2305 1567 2351 innumerabiliter

171 2378 432 2439 gignuntur,
452 2391 600 2421 nonne
617 2391 694 2437 per
717 2391 760 2420 se
782 2376 874 2436 ipsa
896 2375 1073 2420 exhibet
1088 2385 1219 2437 atque
1242 2377 1435 2422 ostendit
1452 2381 1568 2423 Deus

171 2461 215 2497 et
237 2460 394 2496 natura
411 2449 707 2495 cernentibus.

229 2525 428 2569 XXXIII
436 2556 444 2566 .
481 2520 611 2575 Quod
643 2521 676 2566 si
710 2519 958 2580 diligentius
994 2521 1317 2569 consideremus
1335 2558 1345 2579 ,
1387 2521 1568 2569 fortasse
