1888 3168
626 193 680 219 DE
714 189 867 220 MUS1CA
902 192 984 218 ΜΒ.
1022 192 1087 217 111.
1459 174 1543 215 403

149 258 272 320 quod
292 258 456 304 habeat
487 267 657 303 certum
679 258 834 312 finem,
859 265 902 300 et
930 254 1029 316 plus
1052 253 1214 299 habeat
1236 268 1369 314 quam
1402 268 1544 298 unum

147 328 330 389 pedem,
355 339 399 374 et
432 328 620 374 naturali
650 337 775 374 motu
801 336 901 372 ante
921 325 1314 371 considerationem
1335 339 1546 369 numero-

148 415 248 445 rum
277 415 454 446 sensum
489 399 682 460 quadam
716 397 1014 460 aequabilitate
1047 394 1318 450 demulceat,
1338 396 1430 455 jam
1450 410 1548 439 nie-

150 480 268 516 trum
290 481 370 517 est.
397 474 663 532 Quanquam
685 470 801 514 enim
823 469 968 513 minus
989 467 1151 512 habeat
1171 481 1304 527 quam
1326 464 1437 510 duos
1462 481 1544 525 pe-

150 541 248 599 des,
272 551 422 587 tamen
453 542 556 603 quia
590 540 758 586 excedit
788 555 928 585 unum
959 547 1003 583 et
1024 537 1149 583 silere
1178 538 1317 596 cogit,
1342 552 1433 582 non
1454 536 1548 581 sine

148 613 370 669 inensura,
385 612 461 659 sed
479 623 697 675 quantum
711 611 943 673 implendis
960 609 1233 671 temporibus
1251 609 1352 654 satis
1366 617 1430 654 est
1446 623 1549 670 quae

150 683 274 729 alteri
295 683 516 729 debentur
537 683 657 745 pedi,
675 699 756 744 pro
774 682 949 728 duobus
969 680 1155 742 pedibus
1175 679 1351 726 auditus
1371 679 1545 741 accipit,

149 755 273 817 quod
298 755 490 801 duorum
520 755 686 817 pedum
716 764 903 816 occupat
934 764 1130 814 tempora
1161 752 1303 799 donec
1331 751 1388 797 ad
1415 760 1548 812 caput

150 827 369 884 redeatur,
389 827 498 872 dum
521 836 837 872 annumeratur
857 842 965 871 sono
982 825 1114 870 etiam
1131 834 1300 870 certum
1324 833 1456 884 atque
1478 821 1547 867 di-

150 914 352 944 mensum
374 898 591 944 intervalli
619 899 856 944 silentium.
886 897 972 943 Sed
996 899 1088 958 jam
1120 897 1229 942 mihi
1249 895 1367 941 dicas
1387 894 1546 951 velim,

150 980 300 1015 utrum
322 970 387 1015 his
406 987 506 1032 quee
528 969 646 1015 dicta
663 979 766 1015 sunt
781 970 964 1030 cognitis
982 969 1241 1015 assentiaris.
1267 972 1317 1013 D.
1346 966 1547 1027 Cognovi

151 1052 195 1087 et
216 1044 440 1088 assentior.
459 1046 520 1088 M.
547 1043 739 1088 Mihi-ne
760 1041 958 1098 credens,
984 1057 1040 1087 an
1062 1057 1139 1102 per
1161 1050 1204 1085 te
1221 1041 1311 1101 ipse
1333 1055 1435 1084 vera
1460 1054 1551 1083 esse

150 1115 444 1174 perspiciens?
462 1118 513 1159 D.
534 1117 618 1159 Per
637 1130 707 1159 me
725 1115 815 1175 ipse
837 1129 956 1172 sane,
973 1113 1171 1174 quamvis
1191 1111 1365 1158 dicente
1388 1121 1430 1157 te
1448 1126 1550 1157 vera

149 1187 246 1232 haec
267 1202 357 1232 esse
374 1203 607 1248 cognosco.

150 1332 1553 1354 mmmmmmmmwssmmmmmmmmwnm

681 1433 902 1484 CAPUT
941 1436 1027 1484 IX.

159 1559 291 1620 Quot
317 1557 391 1606 ad
420 1573 659 1606 summum
693 1556 986 1619 temporibus
1018 1573 1081 1604 ac
1106 1555 1315 1619 pedibas
1346 1567 1553 1605 metram

643 1639 870 1677 constare
892 1631 1060 1691 possit.

213 1769 312 1814 XX.
333 1770 395 1815 M.
421 1771 517 1815 Aen
539 1782 644 1828 ergo
669 1783 788 1813 nunc
809 1769 1022 1829 quoniam
1043 1768 1290 1814 invenimus
1318 1767 1437 1813 unde
1455 1783 1551 1813 me-

154 1850 273 1886 trum
294 1855 385 1886 esse
407 1840 610 1901 incipiat,
634 1839 908 1886 inveniamus
925 1840 1056 1885 etiarn
1073 1855 1306 1902 quousque
1322 1839 1547 1901 procedat.

153 1915 266 1959 Nam
299 1922 491 1958 metrum
525 1912 681 1972 incipit
706 1929 730 1956 a
767 1911 943 1958 duobus
964 1911 1174 1973 pedibus,
1201 1913 1290 1959 sive
1321 1913 1415 1974 ipso
1443 1928 1551 1959 sono

154 1983 311 2045 plenis,
327 1984 416 2029 sive
429 1983 771 2044 adimplendum
788 1984 909 2045 quod
924 1984 1045 2029 deest
1062 1994 1350 2030 annumerato
1363 1985 1550 2031 silentio.

155 2058 300 2110 Quare
331 2065 505 2116 oportet
538 2064 580 2099 te
607 2056 699 2116 jam
731 2056 944 2116 respicere
977 2056 1034 2101 ad
1074 2055 1194 2101 illam
1226 2056 1553 2119 quaternariam

155 2127 517 2188 progressionem,
543 2126 740 2187 mihique
765 2127 1015 2171 renuntiare
1036 2143 1176 2189 usque
1206 2127 1261 2172 ad
1283 2139 1393 2190 quot
1420 2128 1553 2190 pedes

156 2208 347 2243 metrum
380 2198 561 2243 tendere
583 2197 838 2242 debeamus.
870 2201 922 2243 D.
955 2198 1101 2243 Facile
1119 2199 1238 2244 istud
1267 2199 1449 2261 quidem
1472 2210 1550 2246 est.

157 2273 269 2316 Nam
293 2279 392 2314 octo
414 2269 547 2330 pedes
569 2284 659 2313 esse
680 2270 791 2314 ratio
813 2269 912 2314 satis
935 2269 1079 2314 docet.
1106 2274 1167 2316 M.
1190 2271 1329 2328 Quid,
1355 2271 1468 2317 illud
1484 2288 1556 2317 re-

158 2339 431 2386 cordaris-ne
459 2340 614 2385 dixisse
635 2355 714 2385 nos
735 2355 836 2384 euni
859 2356 1033 2385 versum
1053 2358 1077 2386 a
1098 2341 1238 2386 doctis
1266 2342 1552 2403 appellatum,

158 2412 235 2473 qui
258 2411 430 2456 duobus
452 2411 660 2456 membris
682 2421 800 2456 certa
823 2411 990 2475 ratione
1013 2411 1222 2458 dimensis
1250 2414 1555 2476 copulatisque

159 2484 407 2528 constaret?
428 2485 480 2526 l).
501 2485 619 2526 Bene
640 2482 835 2526 memini.
858 2486 918 2527 M.
944 2485 1056 2527 Cum
1075 2499 1179 2544 ergo
1203 2500 1293 2528 non
1316 2485 1370 2530 sit
1387 2486 1555 2530 dictum

162 2553 335 2601 duobus
365 2552 572 2612 pedibus,
598 2551 674 2597 sed
701 2552 875 2597 duobus
904 2554 1110 2599 membris
1139 2564 1335 2600 constare
1356 2571 1551 2612 versum,

1273 2627 1338 2667 26.
