1888 3168
486 253 610 280 Linssn
644 253 697 279 DE
730 248 1004 287 QUANTiTATE
1038 247 1199 276 AMMAE.
1457 237 1541 276 275

146 404 255 421 tvvm
259 398 1543 420 WWUNWWW'VWWWWUMQWMNWWWUMWUNNWWWWWWWW

623 514 843 564 CAPUT
886 513 1078 563 XVIII.

153 656 408 719 Loquendi
410 656 670 722 facultas,
690 674 840 719 quam
852 655 1219 719 pzcerpaulatim
1245 657 1544 716 assequitur,

385 746 483 776 non
501 728 758 776 tribuenda
781 730 1089 777 incrementis
1111 728 1304 775 (minue.

204 869 372 913 XXXI.
406 872 453 912 E.
487 870 642 915 NEscm
671 877 823 914 utrum
855 868 1138 928 omnia,quae
1171 881 1242 911 me
1269 879 1361 911 non
1386 865 1551 911 frustra

145 954 322 985 movere
366 938 576 996 assolent,
613 940 830 1000 persecuti
862 938 1101 997 fuerimus,
1126 947 1170 983 et
1199 937 1294 981 fieri
1323 944 1469 998 potest
1501 945 1553 981 ut

145 1009 496 1055 recordationem
527 1027 672 1056 meam
702 1010 849 1072 aliqua
877 1010 1076 1070 fugiant:
1101 1018 1407 1055 verumtamen
1428 1007 1551 1068 quod

144 1097 264 1127 nunc
286 1082 333 1127 in
355 1091 551 1127 mentem
573 1083 693 1128 venit
714 1082 940 1128 videamus
962 1081 1093 1144 quale
1121 1085 1190 1138 sit,
1211 1079 1334 1142 quod
1354 1095 1466 1140 puer
1481 1079 1552 1123 in-

144 1152 241 1197 fans
263 1169 354 1198 non
374 1152 588 1215 loquitur,
616 1164 748 1216 atque
769 1155 815 1198 in
838 1153 1074 1199 crescendo
1097 1152 1355 1214 assequitur.
1380 1153 1435 1195 A.
1462 1153 1551 1196 Fa-

144 1224 227 1270 cile
249 1235 313 1270 est
334 1225 474 1271 illud:
504 1242 608 1270 nam
640 1225 772 1271 credo
801 1225 940 1272 videri
972 1225 1055 1270 tibi
1078 1241 1128 1269 ea
1149 1224 1302 1281 lingua
1328 1237 1551 1283 quemque

142 1295 281 1358 loqui,
303 1314 391 1358 qua
414 1298 662 1359 loquuntur
684 1298 885 1343 homines
906 1297 1020 1342 inter
1041 1309 1151 1354 quos
1174 1303 1301 1337 natus
1319 1292 1552 1338 educatus-

139 1383 226 1427 que
248 1368 318 1413 sit.
339 1372 392 1413 E.
413 1372 553 1415 Nemo
573 1370 619 1413 id
637 1370 824 1425 ignorat.
845 1368 899 1410 A.
926 1365 1157 1410 Constitue
1177 1379 1279 1423 ergo
1297 1366 1550 1426 quempiam

138 1438 200 1481 ibi
216 1446 371 1481 natum
390 1446 524 1498 atque
546 1436 687 1481 altum
708 1437 786 1481 ubi
809 1437 1010 1481 homines
1032 1452 1124 1481 non
1140 1436 1451 1498 loquerentur,
1472 1436 1550 1481 sed

141 1509 326 1554 nutibus
347 1509 742 1571 membrorumque
774 1518 902 1554 motu
931 1509 1217 1569 cogitationes
1245 1525 1343 1555 suas
1377 1508 1553 1554 sibimet

141 1581 460 1643 expromendas
482 1582 724 1642 signarent,
749 1597 898 1627 nonne
919 1598 1067 1628 censes
1090 1597 1193 1627 eum
1220 1582 1322 1627 talia
1345 1597 1436 1627 esse
1461 1581 1552 1626 fac-

141 1663 309 1710 turum,
326 1669 471 1715 neque
487 1653 760 1710 locuturum,
782 1654 859 1715 qui
881 1654 1139 1715 loquentem
1158 1653 1383 1698 neminem
1400 1652 1552 1699 audie-

141 1725 229 1770 rit?
249 1727 301 1769 E.
326 1724 439 1771 Nolo
460 1741 531 1770 me
544 1726 629 1770 1100
646 1726 902 1786 interroges,
920 1725 1041 1787 quod
1054 1725 1148 1770 fieri
1170 1741 1260 1770 non
1282 1734 1440 1785 potest.
1463 1723 1551 1777 Qui

142 1796 261 1840 enim
289 1795 397 1841 tales
420 1797 618 1842 homines
649 1797 764 1842 inter
794 1813 904 1859 quos
935 1812 1205 1858 quemquam
1237 1805 1394 1841 natum
1426 1795 1549 1854 cogi-

143 1877 234 1912 tare
250 1868 430 1928 possim.
457 1872 510 1913 A.
538 1872 685 1914 Ita-ne
703 1878 753 1913 tu
765 1885 856 1914 non
869 1868 1013 1914 vidisti
1035 1867 1273 1914 Mediolani
1297 1866 1552 1912 adolescen-

142 1948 233 1983 tem
269 1940 563 1985 honestissimi
594 1942 789 1998 corporis
822 1951 867 1986 et
896 1940 1226 1996 elegantissimae
1260 1939 1546 1995 urbanitatis,

130 2019 317 2055 mutum
334 2018 483 2055 tamen
501 2019 633 2070 atque
654 2010 715 2054 ita
743 2008 948 2065 surdum,
969 2017 1021 2053 ut
1041 2024 1186 2069 neque
1207 2009 1313 2054 alios
1327 2009 1409 2053 nisi
1425 2019 1552 2054 motu

144 2081 338 2142 corporis
360 2080 646 2140 intelligeret,
673 2095 818 2141 neque
838 2080 930 2140 ipse
952 2079 1077 2123 aliter
1104 2095 1205 2140 quae
1224 2079 1359 2124 vellet
1381 2079 1550 2139 signifi-

145 2155 274 2197 care?
295 2152 399 2197 hinc
421 2152 541 2197 enim
570 2161 635 2196 est
656 2151 924 2196 notissimus.
949 2153 1060 2197 Nam
1090 2166 1172 2210 ego
1203 2151 1307 2196 novi
1334 2151 1550 2196 rusticum

145 2223 384 2284 quemdam
419 2223 699 2285 loquentem,
737 2221 794 2266 (le
826 2221 1038 2284 loquente
1067 2238 1223 2279 uxore,
1256 2222 1369 2268 filios
1399 2238 1550 2268 omnes

144 2307 287 2339 mares
314 2304 446 2356 atque
459 2294 664 2340 foeminas
687 2304 878 2356 quatuor
899 2293 1013 2351 fere,
1044 2303 1119 2340 aut
1147 2310 1198 2340 eo
1228 2294 1414 2356 amplius
1437 2298 1554 2354 (non

148 2367 270 2411 enim
293 2367 395 2411 satis
425 2383 545 2412 nunc
575 2366 882 2426 commemini)
903 2376 1049 2412 mutos
1072 2366 1315 2428 surdosque
1338 2367 1553 2426 genuisse.

151 2441 262 2484 Nam
285 2454 336 2483 ex
358 2455 410 2484 eo
431 2438 554 2500 quod
576 2439 699 2501 loqui
728 2455 819 2484 non
840 2448 1066 2500 poterant,
1091 2439 1202 2485 muti
1223 2459 1232 2485 :
1257 2455 1310 2484 ex
1332 2456 1384 2486 eo
1406 2449 1553 2485 autem

148 2510 272 2571 quod
292 2509 415 2555 nulla
436 2510 559 2570 signa
572 2512 653 2556 nisi
672 2511 810 2557 oculis
823 2510 1104 2570 colligebant,
1121 2512 1250 2556 etiam
1263 2511 1382 2557 surdi
1395 2511 1559 2557 intelli-

149 2583 382 2642 gebantur.
408 2586 460 2628 E.
489 2583 620 2628 Illum
639 2600 745 2630 vero
769 2599 848 2642 ego
867 2584 978 2628 benc
1001 2584 1125 2640 novi,
1151 2594 1195 2629 et
1217 2583 1272 2628 de
1293 2585 1384 2629 istis
1405 2584 1552 2629 nescio

1281 2655 1350 2696 18.
