1852 3163
224 155 306 194 182
658 165 690 193 s.
728 167 958 196 Aretsrnu
991 171 1172 197 EPISCOPI

213 250 269 278 116
291 242 446 277 cuncta
487 233 619 293 ipsius
655 232 819 280 ordinis
861 235 1116 281 defensione
1153 235 1349 280 turbetis.
1393 238 1474 282 Hic
1502 238 1605 283 item

213 305 460 363 Trygefius,
507 321 608 351 nam
640 307 714 353 ille
748 309 856 354 alter
890 308 1035 354 adhuc
1073 309 1252 353 0111111110
1298 308 1452 354 absens
1486 320 1604 366 erat,

213 375 358 420 Facile
385 386 470 431 est,
498 377 666 438 inquit,
696 380 799 425 111116
822 381 1003 441 quidem
1030 379 1293 440 respondere
1315 380 1608 441 complexioni

211 457 329 506 tuae3
364 448 441 492 sed
457 465 526 494 me
556 450 600 493 in
623 452 854 510 praesentia
878 449 1121 495 similitudo
1145 451 1319 510 deficit3
1347 468 1483 513 quam
1505 468 1608 497 sen-

210 520 393 565 tentiam
430 536 571 565 meam
592 522 722 567 video
747 522 877 567 asseri
905 522 1200 584 illustrarique
1237 523 1414 568 debere.
1444 526 1609 569 Tamen

211 591 354 636 dicam
368 591 490 652 quod
506 592 645 638 sentio
660 630 670 649 ‚
702 593 829 639 facies
843 595 959 638 enim
983 603 1028 638 tu
1047 592 1168 654 quod
1186 594 1317 653 paulo
1333 604 1434 640 ante
1448 593 1604 640 fecisti.

209 665 308 708 Non
321 663 436 707 enim
451 663 525 708 illa
545 665 902 711 commemoratio
926 665 1206 710 tenebrarum
1222 665 1277 710 ad
1299 666 1345 710 id
1358 666 1481 727 quod
1497 682 1521 711 a
1539 682 1609 711 me

212 734 462 780 involutum
484 736 705 796 prolatum
728 747 841 792 erat,
888 753 1044 797 parum
1085 736 1211 781 nobis
1235 736 1383 782 attulit
1414 736 1605 782 luminis.

212 809 412 868 Namque
430 809 570 852 omnis
583 809 670 853 vita
695 808 932 854 stultorum
950 809 1148 870 quamvis
1169 825 1247 869 per
1261 824 1332 854 eos
1350 808 1465 869 ipsos
1479 808 1610 853 mini-

212 893 283 922 me
298 888 516 935 constans,
539 880 808 942 minimeque
827 880 1025 925 ordinata
1046 880 1116 936 sit,
1147 896 1225 941 per
1251 880 1445 925 divinam
1465 889 1611 925 tamen

213 951 532 1010 providentiam
568 953 809 997 necessario
824 968 971 996 rerum
990 951 1142 996 ordine
1156 951 1415 1007 includitur,
1432 960 1476 996 et
1486 952 1612 1013 quasi

212 1021 479 1082 quibusdam
493 1021 599 1067 locis
614 1022 687 1068 illa
709 1022 925 1068 ineffabili
944 1033 987 1068 et
1001 1024 1263 1083 sempiterna
1278 1022 1373 1081 lege
1395 1023 1611 1083 dispositis

214 1093 339 1139 nullo
351 1094 482 1138 modo
495 1111 584 1139 esse
597 1096 853 1151 sinitur,ul)i
867 1112 956 1140 esse
968 1112 1058 1140 non
1071 1096 1218 1140 debet.
1227 1098 1292 1139 Ita
1304 1096 1414 1139 111111
1426 1104 1612 1154 angusto

215 1166 361 1210 animo
392 1166 529 1225 ipsam
561 1165 697 1211 solam
726 1168 912 1228 quisquc
942 1167 1250 1223 considerans,
1282 1165 1421 1212 veluti
1455 1181 1613 1225 magna

215 1253 493 1298 repercussus
515 1237 718 1281 foeditate
752 1248 989 1283 aversetur.
1033 1239 1076 1284 Si
1114 1247 1261 1283 autem
1283 1238 1442 1283 mentis
1463 1237 1614 1283 oeulos

215 1310 383 1369 erigens
403 1318 534 1370 atque
552 1308 830 1365 diffundens,
851 1309 982 1353 simul
1002 1310 1205 1354 universa
1227 1309 1478 1364 collustret,
1504 1308 1615 1354 nihil

215 1397 306 1425 non
329 1380 602 1436 ordinatum,
630 1381 806 1442 suisque
829 1396 999 1441 semper
1015 1380 1153 1426 veluti
1165 1380 1341 1426 sedibus
1356 1379 1613 1426 distinctum

216 1453 564 1514 dispositumque
582 1453 783 1513 reperiet.

272 1527 377 1569 XII.
400 1528 543 1578 Quam
565 1539 745 1583 magna,
773 1524 955 1586 inquam
972 1560 983 1581 ‚
1009 1540 1144 1586 quam
1176 1523 1286 1569 mira
1308 1523 1416 1568 mihi
1438 1538 1517 1584 per
1537 1539 1614 1570 vos

215 1600 331 1642 Deus
352 1596 447 1652 ille,
469 1607 602 1658 atque
620 1597 711 1657 ipse
730 1633 740 1652 ‚
763 1606 813 1641 ut
851 1596 988 1656 magis
1017 1596 1247 1657 magisque
1269 1595 1447 1640 credere
1469 1594 1614 1640 addu-

212 1686 287 1715 cor
302 1705 312 1725 ,
328 1685 475 1713 rerum
500 1669 643 1714 nescio
662 1669 760 1730 quis
784 1668 984 1714 occultus
1020 1667 1129 1713 ordo
1158 1667 1547 1728 respondet.'Nam
1564 1683 1615 1713 63
1656 1668 1659 1669 ’

214 1741 356 1786 (1161115
375 1757 475 1801 quae
489 1757 569 1786 nec
585 1741 809 1802 quomodo
827 1741 1031 1785 dicantur
1045 1756 1135 1785 non
1151 1741 1243 1786 visa
1255 1776 1266 1796 ,
1287 1755 1369 1785 nec
1388 1738 1614 1801 quomodo

215 1830 264 1857 ea
285 1811 468 1857 videatis
500 1812 698 1872 intelligo
713 1849 723 1868 ,
763 1813 823 1856 113
852 1828 901 1856 63
922 1822 966 1856 61
986 1828 1089 1857 vera
1113 1821 1157 1856 et
1178 1811 1264 1856 alta
1286 1827 1377 1856 esse
1399 1811 1609 1872 suspicor.

217 1882 364 1930 Simile
379 1892 525 1927 autem
543 1882 723 1944 aliquod
740 1883 785 1927 in
797 1884 923 1928 istam
937 1883 1198 1928 sententiam
1212 1892 1262 1927 tu
1274 1882 1456 1928 sortasse
1473 1899 1613 1927 unum

216 1956 485 2017 requirebas.
513 1958 571 1999 At
592 1955 699 1998 mihi
726 1956 818 2015 jam
849 1964 1090 1999 occurrunt
1113 1953 1448 1998 innumerabilia
1465 1990 1476 2010 ‚
1515 1971 1614 2016 quae

215 2044 286 2072 me
308 2027 363 2072 ad
385 2026 750 2072 consentiendum
770 2043 945 2087 prorsus
970 2027 1168 2072 trahunt.
1194 2026 1313 2080 Quid
1330 2026 1447 2070 enim
1469 2028 1613 2072 carni-

213 2100 294 2144 fice
317 2098 503 2144 tetrius?
541 2098 655 2153 Quid
692 2097 768 2143 illo
792 2099 937 2144 animo
964 2098 1256 2143 truculentius
1290 2107 1421 2158 310116
1445 2098 1614 2143 dirius?

212 2175 267 2216 At
297 2172 410 2216 inter
430 2172 541 2231 ipsas
562 2170 679 2229 leges
700 2169 849 2215 locum
873 2170 1161 2215 necessarium
1181 2178 1323 2225 tenet,
1349 2178 1394 2214 et
1415 2169 1461 2214 in
1497 2170 1612 2214 bene

213 2243 452 2287 moderatae
478 2242 663 2287 civitatis
686 2241 884 2286 ordinem
927 2241 1154 2296 inseritur,
1189 2250 1341 2302 estque
1363 2256 1441 2285 suo
1465 2241 1612 2285 animo

211 2331 394 2370 nocens,
422 2314 575 2360 ordine
594 2324 740 2359 autem
759 2314 899 2359 alieno
922 2330 1057 2375 poena
1079 2314 1351 2358 nocentium.
1381 2313 1501 2367 Quid
1523 2329 1612 2358 sor-

212 2386 355 2430 didius
372 2423 382 2441 ,
410 2386 518 2447 quid
547 2386 719 2430 inanius
743 2385 910 2430 decoris
934 2395 976 2429 et
1017 2384 1299 2444 turpitudinis
1322 2383 1494 2444 plenius
1515 2400 1610 2428 me-

209 2457 440 2502 retricibus
459 2493 469 2513 ,
499 2457 749 2513 lenonibus,
772 2458 1030 2518 caeterisque
1048 2458 1131 2501 1106
1151 2472 1288 2515 genus
1307 2456 1502 2516 pestibus
1521 2456 1608 2500 dici

205 2531 379 2589 potest?
417 2528 552 2572 „anthr
584 2529 832 2572 meretrices
859 2528 913 2572 de.
952 2528 1082 2572 rebus
1105 2528 1332 2584 humanis,
1360 2527 1605 2572 turbaveris
