1883 3194
275 158 302 216 4
765 167 803 200 s.
840 165 1147 200 Ancus'rmus
1159 187 1172 207 ‚

275 255 512 310 lectione,
549 262 595 300 et
630 253 947 301 Hortensium
975 254 1306 317 pervolvendo
1349 253 1409 301 ad
1440 269 1662 301 amorem

274 332 524 397 sapientiae
551 332 929 384 accendebatur:
971 331 1132 378 minus
1171 340 1331 378 autem
1364 330 1554 394 sapida,
1585 339 1658 377 ut-

275 419 387 473 pote
432 409 650 473 profanis
688 410 976 470 eloquentiae
1015 408 1222 457 floribus
1262 427 1364 456 non
1403 417 1660 466 exornata,

274 505 518 535 sacrarum
552 487 906 549 Scripturarum
945 486 1088 534 lectio
1124 483 1388 533 videbatur.
1421 486 1663 551 Thagaste

273 565 640 629 grammaticam
659 602 668 620 ,
714 565 1005 629 Cartbagine
1036 583 1149 612 vero
1184 565 1481 612 rhetoricam
1509 581 1664 611 annos

273 643 482 704 quinque
519 659 661 705 super
693 642 863 706 viginti
903 652 1070 698 natus,
1113 659 1214 689 non
1253 641 1492 690 mediocri
1525 642 1664 689 laude

275 720 453 766 (locuit.
486 721 611 766 Cum
647 729 808 766 autem
845 721 1061 781 ejusdem
1102 720 1316 768 scientiae
1371 721 1666 783 explicandae

273 815 412 845 causa
445 798 787 845 Mediolanum
824 816 848 844 a
883 798 1181 862 Symmacho
1221 798 1453 861 praefecto
1492 798 1666 846 missus
1719 833 1722 836 ι

272 875 508 931 venisset,
538 875 792 922 Ambrosii
809 884 913 922 tum
940 877 1156 939 episcopi
1183 877 1517 932 sermonibus,
1548 893 1668 923 nec-

274 970 374 1000 non
396 961 441 999 et
468 953 686 999 Platonis
706 953 1025 1000 meditatione
1044 990 1054 1009 ,
1085 962 1131 999 et
1161 953 1330 1000 matris
1355 954 1570 1001 Monicae
1596 954 1668 999 la-

275 1031 476 1093 crymiS,
515 1039 561 1076 et
590 1031 902 1077 interioribus
945 1031 1108 1095 gratiae
1153 1031 1399 1088 motibus,
1449 1040 1496 1077 et
1533 1031 1668 1078 Pauli

275 1108 496 1154 doctrina
518 1144 528 1163 ‚
558 1116 604 1154 et
641 1108 736 1154 Dei
771 1108 921 1171 ipsius
953 1125 1075 1156 voce
1114 1109 1175 1155 ad
1204 1125 1343 1155 aures
1376 1108 1670 1172 personante

275 1185 453 1240 victus,
488 1200 687 1231 excusso
717 1186 892 1231 erroris
919 1185 1065 1231 simul
1093 1195 1140 1232 et
1172 1185 1490 1247 cupiditatum
1527 1185 1636 1250 jugo
1655 1221 1668 1242 ‚

273 1261 577 1325 trigesimum
593 1262 863 1308 secundum
879 1263 1029 1308 aetatis
1046 1278 1232 1308 annum
1254 1277 1417 1325 agenS,
1436 1259 1675 1308 exultavit

275 1347 330 1385 ut
344 1337 485 1401 gigas
512 1338 582 1384 acl
602 1336 900 1383 currendam
927 1337 1037 1384 {idei
1062 1335 1203 1383 viam
1229 1346 1276 1384 et
1303 1338 1506 1386 virtutis.

340 1428 433 1473 Vix
457 1426 709 1487 interjecto
745 1426 1022 1488 aliquorum
1051 1426 1241 1473 dierum
1275 1427 1432 1490 spatio
1454 1463 1464 1483 ‚
1513 1427 1673 1475 donec

277 1504 532 1568 completis
550 1540 561 1561 ‚
585 1520 705 1565 quos
731 1503 923 1566 publice
957 1504 1172 1550 habebat
1188 1540 1199 1561 ‚
1239 1504 1527 1551 lectionibus
1552 1521 1670 1551 ven-

278 1583 512 1631 demiales
549 1582 692 1629 ferias
718 1582 994 1646 attingeret,
1023 1599 1151 1629 anno
1188 1581 1279 1630 386
1316 1582 1369 1628 in
1393 1583 1673 1631 Verecundi

277 1664 486 1709 domum
518 1660 741 1716 secessit,
786 1668 840 1706 ut
875 1660 1140 1724 perquisita
1168 1660 1318 1707 serius
1349 1661 1576 1717 veritate,
1613 1662 1674 1709 ad

279 1738 650 1802 suscipiendum
677 1738 921 1801 baptisma
946 1746 1322 1800 praepararetur,
1353 1755 1449 1799 quo
1472 1736 1674 1785 tandem

279 1818 385 1879 ipso
405 1815 653 1861 Paschatis
672 1823 896 1877 tempore
919 1814 1244 1861 sanctificatus
1268 1831 1397 1861 anno
1416 1813 1503 1878 387
1519 1813 1677 1863 Clzris-
1701 1841 1704 1843 ·

281 1893 446 1940 {ianus
485 1890 768 1940 Catholicns
808 1891 1013 1938 feliciter
1059 1892 1223 1938 evasit.
1259 1893 1374 1938 Non
1409 1892 1476 1938 ita
1519 1894 1674 1939 multo

284 1980 396 2034 post
415 1971 590 2016 amissa
610 1970 672 2015 ad
697 1969 822 2016 ostia
843 1969 1076 2015 Tiberina
1101 1977 1255 2016 matre
1274 2006 1284 2026 ‚
1308 1985 1418 2031 quae
1436 1969 1536 2029 jam
1553 1987 1675 2017 con-

281 2066 422 2096 verso
452 2049 552 2095 filio
571 2083 583 2104 ‚
604 2047 745 2094 nulla
768 2064 817 2093 re
835 2045 886 2093 in
918 2044 1012 2093 hac
1033 2045 1138 2093 vila
1160 2046 1514 2101 delectabatur,
1543 2049 1677 2096 Tha-

284 2134 468 2191 gastem
493 2126 643 2171 redux
664 2133 759 2170 tres
787 2141 941 2170 annos
981 2124 1031 2170 in
1052 2124 1238 2185 jejuniis
1273 2133 1318 2170 et
1344 2125 1643 2172 orationibus
1660 2161 1672 2181 ‚

281 2203 399 2269 legis
432 2203 606 2249 divinae
624 2201 933 2248 meditationi
958 2201 1128 2248 diebus
1149 2201 1468 2263 noctibusque
1492 2202 1675 2249 incum-

280 2282 418 2333 bens,
438 2280 681 2327 studiosus
707 2287 1040 2342 perscrutator
1067 2277 1386 2341 consumpsit.
1414 2279 1509 2334 Sic,
1527 2296 1676 2341 quem

282 2359 344 2403 ab
366 2366 547 2405 aeterno
564 2357 752 2403 occulta
772 2355 1089 2402 Providentia
1107 2356 1241 2402 Deus
1265 2354 1471 2402 inscium
1497 2356 1558 2402 ad
1574 2356 1677 2419 pri-

280 2451 374 2483 mae
387 2434 613 2482 Ecclesiae
627 2450 832 2480 munera
846 2441 1117 2489 vocaverat,
1137 2432 1335 2496 expletis
1351 2433 1671 2496 temporibus,

281 2530 307 2559 a
329 2513 469 2575 longe
496 2511 854 2559 sanctissimum
879 2510 1100 2573 regendis
1134 2509 1325 2573 populis
1358 2509 1639 2573 episcopum
1659 2546 1670 2565 ‚
