1883 3194
574 238 738 268 CONTRA
773 237 1038 267 ACADEMlcos
1070 239 1196 266 LIBER
1227 239 1257 265 1.
1558 228 1613 267 23

216 307 386 367 sapiens
416 322 505 350 non
533 304 642 360 suit,
675 321 698 350 a
727 321 816 367 quo
850 305 895 349 in
928 305 1065 349 latina
1094 304 1244 363 lingua
1270 304 1546 365 philosophia
1570 314 1614 350 et

218 379 421 423 inchoata
458 386 594 422 estet
634 376 859 438 perfecta?
891 376 985 422 Etsi
1027 375 1287 432 concedam,
1325 376 1492 437 inquit,
1521 392 1614 422 esse

213 450 478 510 sapientem,
504 464 595 494 non
621 449 768 493 omnia
796 457 946 493 tamen
973 449 1065 509 ejus
1093 446 1250 508 probo.
1276 447 1414 508 Atqui
1439 456 1616 508 oportet

209 521 350 566 multa
378 523 468 582 ejus
486 520 568 565 alia
589 519 782 577 refellas,
805 529 857 565 ut
877 536 970 565 non
995 519 1278 581 impudenter
1303 520 1411 576 hoc,
1443 518 1500 565 de
1521 536 1614 582 quo

212 594 380 653 agitur,
407 593 659 654 improbare
687 592 890 638 videaris.
917 592 1036 646 Quid
1056 591 1091 636 si
1111 592 1197 637 hoc
1219 590 1363 636 solum
1384 607 1476 637 non
1496 601 1616 637 recte

210 665 391 710 sensisse
411 663 540 709 illum
558 664 777 709 affirmare
798 672 976 724 paratus
1006 679 1125 721 sum,
1157 673 1322 720 vestra,
1347 672 1400 708 ut
1431 664 1612 725 opinor,

209 736 319 782 nihil
340 737 541 792 interest,
566 736 649 781 nisi
677 737 800 797 cujus
827 734 1033 797 ponderis
1067 736 1122 781 ab
1145 735 1193 780 id
1218 733 1343 797 quod
1371 734 1475 781 volo
1496 750 1613 782 asse-

199 809 419 866 rendum,
444 809 632 854 rationes
655 808 851 853 afferam.
872 812 1032 868 Perge,
1057 808 1203 870 inquit
1218 807 1308 853 ille.
1332 807 1452 863 Quid
1472 808 1611 866 enim,

208 881 368 943 inquit,
390 879 576 925 audeam
597 889 751 926 contra
773 895 891 936 eum,
916 879 994 943 qui
1013 895 1058 925 se
1075 879 1296 926 Ciceronis
1317 878 1614 926 adversarium

205 954 438 1014 profitetur
450 955 468 998 Ξ)

267 1026 346 1069 ΙΧ.
369 1025 451 1070 Hic
471 1025 726 1085 Trygetius:
745 1023 860 1069 Volo
874 1023 1098 1081 attendas,
1119 1023 1202 1081 ait,
1225 1032 1275 1069 tu
1287 1023 1425 1086 judex
1444 1032 1611 1084 noster,

203 1088 581 1158 quemadmodum
604 1095 804 1156 superius
826 1095 1003 1140 beatam
1030 1096 1168 1141 vitam
1196 1093 1444 1142 definieris:
1467 1095 1614 1144 dixisti

203 1183 397 1229 namque
430 1183 533 1212 eum
564 1168 745 1212 beatum
775 1182 891 1224 esse,
919 1167 998 1228 qui
1029 1165 1276 1212 secundum
1308 1182 1406 1213 eam
1434 1177 1614 1229 partem

204 1239 340 1284 animi
362 1238 492 1294 vivit,
517 1253 653 1299 quam
680 1238 849 1284 caeteris
861 1238 1075 1284 convenit
1089 1238 1321 1299 imperare.
1349 1241 1418 1285 Tu
1438 1248 1611 1298 autem,

203 1311 389 1367 Licenti,
413 1310 516 1357 volo
540 1310 611 1355 vel
643 1326 764 1355 nunc
794 1311 903 1355 mihi
931 1310 1168 1367 concedas,
1193 1312 1313 1372 (Jam
1335 1312 1454 1357 enim
1474 1312 1615 1358 liber-

202 1392 315 1439 tate,
349 1384 398 1428 in
433 1398 569 1444 quam
602 1382 792 1427 maxime
822 1396 902 1427 nos
922 1382 1247 1428 vindicaturam
1269 1399 1314 1429 se
1334 1384 1613 1445 philosophia

202 1453 457 1517 pollicetur,
477 1455 640 1516 jugum
671 1452 786 1498 illud
813 1453 1083 1499 auctoritatis
1115 1455 1306 1512 excussi,
1324 1457 1342 1514 )
1362 1455 1613 1518 perfectum

201 1543 294 1573 non
327 1542 419 1572 esse
449 1527 528 1589 qui
562 1526 709 1572 adhuc
740 1526 972 1572 veritatem
1010 1527 1220 1589 requirat.
1259 1530 1374 1573 Tum
1406 1527 1481 1574 ille
1509 1539 1612 1591 post

201 1599 464 1644 diuturnum
486 1597 732 1644 silentium:
753 1600 853 1644 Non
875 1598 1088 1655 concedo,
1104 1598 1266 1661 inquit.
1291 1601 1349 1644 Et
1368 1600 1609 1661 Trigetius:

200 1673 292 1717 Cur
319 1673 501 1733 quaeso?
524 1669 706 1731 explica.
734 1670 838 1715 Istic
866 1686 963 1715 sum
983 1671 1124 1728 enim,
1149 1679 1194 1716 et
1215 1686 1324 1717 aveo
1343 1671 1496 1717 audire
1518 1688 1611 1735 quo

198 1751 330 1805 pacto
361 1742 499 1804 possit
526 1751 570 1786 et
604 1740 824 1803 perfectus
853 1742 988 1788 homo
1010 1757 1123 1799 esse,
1156 1751 1201 1788 et
1231 1742 1377 1789 adhuc
1409 1759 1610 1806 quaerere

196 1816 441 1862 veritatem.
470 1815 551 1860 Hic
568 1813 668 1860 ille:
701 1814 787 1868 Qui
813 1813 869 1859 ad
892 1816 1050 1871 finem,
1075 1814 1243 1877 inquit,
1267 1831 1359 1861 non
1380 1817 1604 1878 pervenit,

197 1886 338 1932 fateor
359 1885 482 1948 quod
506 1884 727 1947 perfectus
749 1901 841 1931 non
861 1885 930 1931 sit.
952 1886 1194 1932 Veritatem
1216 1896 1365 1933 autem
1392 1887 1515 1933 illam
1531 1904 1609 1935 so·-

195 1958 289 2004 lum
325 1962 469 2005 Deum
508 1975 634 2004 nosse
665 1958 876 2015 arbitror,
901 1967 979 2003 aut
1006 1957 1122 2004 forte
1155 1959 1348 2005 hominis
1386 1962 1601 2020 animam,

194 2046 297 2076 cum
318 2031 403 2077 hoc
425 2047 598 2092 corpus,
616 2030 702 2076 hoc
725 2039 789 2075 est
810 2030 1096 2078 tenebrosum
1115 2046 1335 2076 carcerem
1357 2030 1606 2095 derelique-

194 2102 267 2148 rit.
292 2103 493 2149 Hominis
518 2112 666 2151 autem
680 2102 779 2148 finis
800 2111 886 2159 est,
902 2101 1096 2164 perfecte
1117 2118 1316 2164 quaerere
1336 2104 1569 2151 veritatem
1589 2124 1601 2153 ι

195 2175 441 2237 perfectum
460 2177 577 2221 enim
601 2176 856 2238 quaerimus,
873 2176 951 2221 sed
967 2184 1116 2221 tamen
1137 2176 1381 2222 hominem.
1405 2180 1464 2223 Et
1489 2180 1603 2236 Try-

195 2249 361 2308 getius:
400 2251 500 2294 Non
536 2248 669 2308 igitur
697 2258 848 2310 potest.
877 2249 1031 2293 beatus
1053 2263 1144 2293 esse
1180 2249 1331 2294 homo.
1364 2250 1601 2303 Quomodo

194 2319 313 2364 enim
327 2356 338 2376 ,
363 2335 465 2365 cum
486 2320 549 2377 id,
574 2319 698 2382 quod
719 2336 988 2381 magnopere
1006 2321 1305 2382 concupiscit,
1331 2322 1503 2384 assequi
1520 2338 1602 2368 ne-

193 2393 357 2453 queat?
380 2395 529 2437 Potest
550 2401 699 2437 autem
720 2393 854 2438 homo
876 2392 1005 2438 beate
1026 2393 1187 2450 vivere,
1214 2393 1431 2455 siquidem
1453 2404 1600 2455 potest

193 2461 438 2508 secundum
464 2479 560 2508 eam
592 2473 761 2524 partem
794 2464 930 2508 animi
963 2465 1110 2510 vivere
1142 2481 1277 2527 quam
1309 2464 1528 2511 dominari
1549 2466 1597 2511 in

192 2535 372 2579 homine
392 2533 457 2580 sas
479 2544 556 2580 est.
581 2539 730 2581 Potest
750 2536 884 2596 igitur
903 2552 1056 2582 verum
1072 2537 1284 2583 invenire.
1305 2541 1396 2584 Aut
1416 2537 1595 2598 colligat

194 2620 261 2662 se,
287 2615 331 2651 et
351 2622 442 2653 non
473 2607 755 2669 concupiscat
788 2623 965 2664 verum,
991 2624 1047 2655 ne
1080 2624 1184 2656 cum
1219 2609 1267 2655 id
1294 2610 1466 2672 assequi
1501 2624 1594 2656 non
