1883 3194
560 165 726 198 com-M
758 164 1024 199 AcAnEfflcos
1054 166 1182 196 mmm
1212 169 1262 196 11.
1543 155 1602 198 59

202 236 499 284 controversia
517 253 529 282 ε
549 250 642 281 non
662 233 782 279 enim
803 232 902 283 illos
922 234 1037 279 viros
1049 247 1123 279 eos
1139 233 1275 279 fuisse
1297 232 1502 292 arbitror,
1524 235 1604 296 qui

202 308 334 354 rebus
356 307 576 354 nescirent
597 304 778 353 nomina
797 303 1048 365 imponere,
1064 303 1142 349 sed
1152 303 1261 349 mihi
1271 304 1367 350 haec
1387 304 1606 353 vocabula

200 380 411 428 videntur
430 378 633 440 elegisse,
657 386 702 423 et
728 376 787 422 ad
806 374 1117 424 occultandam
1147 375 1441 435 tardioribus,
1476 387 1521 424 et
1549 378 1606 425 ad

201 451 536 516 significandam
582 449 934 512 vigilantioribus
979 449 1244 495 sententiam
1293 465 1433 495 suam.
1474 451 1607 505 Quod

200 541 338 589 quare
370 533 417 571 et
447 522 676 587 quomodo
700 522 810 570 mihi
833 521 1059 578 videatur,
1084 536 1326 583 exponam,
1350 537 1453 568 cum
1484 523 1606 584 prius

201 597 277 645 illa
296 596 557 652 discussero,
593 610 696 657 quae
717 593 773 640 ab
795 593 857 640 eis
877 602 1090 655 tanquam
1116 593 1378 654 cognitionis
1399 594 1609 640 humanae

200 668 388 715 inimicis
410 667 528 714 dicta
556 665 757 715 homines
780 672 954 727 putant.
989 666 1147 726 Itaque
1173 664 1443 726 perlibenter
1464 665 1609 712 habeo

200 742 289 787 huc
311 755 454 803 usque
474 737 609 785 hodie
630 746 832 784 nostrum
859 736 1118 799 processisse
1140 752 1413 796 sermonem,
1438 748 1490 784 ut
1509 738 1611 784 satis

198 812 309 875 quid
323 812 441 858 inter
459 826 539 857 nos
559 819 836 873 quaereretur
851 844 864 868 ‚
888 818 1132 872 aperteque
1153 819 1389 856 constaret.
1410 812 1525 858 Nam
1545 810 1612 857 illi

199 884 307 931 mihi
334 883 544 931 videntur
565 897 717 944 graves
738 882 922 929 omnino
943 898 995 929 ac
1017 881 1259 944 prudentes
1286 882 1369 929 viri
1388 881 1536 929 fuisse.
1563 883 1610 929 Si

199 955 312 1018 quid
339 965 406 1004 est
433 964 607 1012 autem,
643 953 767 1017 quod
791 970 914 1001 nunc
939 952 1266 1016 disputabimus
1296 953 1504 1001 adversus
1535 971 1611 1002 eos

199 1028 283 1075 erit
297 1064 310 1086 ,
336 1029 416 1090 qui
435 1026 723 1075 Academicos
743 1027 992 1074 inventioni
1020 1027 1216 1074 veritatis
1249 1027 1456 1075 adversos
1476 1026 1610 1075 fuisse

197 1099 501 1147 crediderunt.
528 1102 588 1146 Et
613 1115 672 1146 ne
698 1115 772 1145 me
801 1100 1009 1146 territum
1032 1108 1184 1162 putes,
1208 1100 1341 1146 etiam
1354 1110 1515 1147 contra
1536 1115 1611 1147 eos

196 1172 312 1233 ipsos
335 1188 428 1218 non
450 1172 617 1220 invitus
637 1161 844 1217 armabor
857 1206 869 1228 ,
899 1171 936 1217 si
959 1186 1052 1217 non
1074 1170 1354 1217 occultandae
1377 1172 1610 1217 sententiae

195 1258 290 1290 suae
310 1259 456 1301 causa,
481 1259 539 1289 ne
567 1243 624 1288 ab
645 1242 706 1288 eis
730 1251 896 1288 temere
923 1241 1104 1302 pollutis
1125 1242 1372 1300 mentibus,
1408 1252 1454 1289 et
1483 1245 1610 1306 quasi

197 1314 395 1377 profanis
407 1313 614 1376 quaedam
629 1313 823 1360 veritatis
835 1328 956 1359 sacra
967 1312 1279 1374 proderentur,
1299 1314 1377 1360 sed
1391 1331 1444 1361 ex
1458 1316 1610 1364 animo

197 1385 291 1443 illa,
306 1401 410 1448 quae
425 1385 473 1431 in
486 1400 642 1431 eorum
652 1383 778 1430 libris
787 1383 1309 1445 legimus,defenderunt.
1330 1388 1464 1442 Quod
1475 1387 1609 1435 hodie

197 1457 416 1516 facerem,
439 1456 523 1503 nisi
544 1473 627 1504 nos
647 1456 750 1504 solis
771 1472 951 1504 occasus
968 1458 1063 1520 jam
1087 1457 1275 1506 domum
1301 1459 1446 1509 redire
1477 1477 1607 1509 com-

198 1530 400 1594 pelleret.
424 1533 650 1579 Hactenus
670 1529 749 1578 illo
765 1528 839 1578 die
858 1530 1135 1594 disputatum
1149 1542 1231 1580 est.

517 1700 949 1722 mmmmm

1384 1706 1604 1726 mm

718 1836 941 1888 CAPUT
986 1839 1077 1890 XI.

739 1986 983 2024 DISPUTATIO
1006 1989 1063 2023 111.

646 2115 919 2166 Probabile
938 2118 1061 2181 quid
1073 2121 1153 2168 sit.

256 2255 399 2302 XXV.
438 2258 672 2304 Poszrmmn
705 2265 856 2304 autem
886 2259 1088 2321 quamvis
1119 2276 1211 2307 non
1238 2261 1384 2308 minus
1411 2262 1602 2311 blandus

198 2327 552 2391 tranquillusque
572 2328 665 2376 dies
689 2328 914 2389 illuxisset,
936 2332 1009 2380 vix
1029 2342 1178 2379 tamen
1197 2335 1445 2382 domesticis
1462 2353 1601 2398 nego-

198 2400 269 2446 tiis
291 2400 457 2447 evoluti
478 2418 643 2450 sumus.
681 2406 794 2450 Nam
820 2420 1027 2465 magnam
1048 2406 1140 2468 ejus
1172 2416 1343 2468 partem
1364 2409 1411 2453 in
1432 2410 1597 2471 episto-

197 2471 340 2518 larum
361 2474 548 2521 maxime
568 2475 805 2537 scriptione
834 2492 1261 2540 consumpseramus.
1286 2483 1345 2526 Et
1378 2497 1480 2526 cum
1507 2483 1599 2543 jam

199 2542 301 2593 duae
320 2545 444 2595 horae
453 2545 525 2593 vix
537 2545 719 2610 reliquae
730 2546 892 2607 forent,
907 2547 965 2596 ad
979 2559 1154 2611 pratum
1167 2553 1470 2614 processimus
1489 2555 1599 2601 Nam
