1888 3168
305 151 387 188 578
916 161 1063 188 anEx.

347 226 531 262 describit
544 225 786 265 collationes,
808 225 846 259 in
859 234 1022 269 quarum
1044 225 1167 271 prima
1186 225 1426 271 explicantur
1440 229 1577 273 placita
1594 230 1688 266 Aca-

344 284 595 320 demicorum.
618 283 663 319 ln
683 283 851 318 secunda
872 293 980 320 novae
999 294 1043 320 ac
1064 283 1206 321 veteris
1226 284 1444 321 Academia:
1466 286 1688 324 discrimina

339 342 581 381 reseruntur,
602 345 639 377 et
658 340 878 386 exploditur
895 342 1086 377 sententia
1101 341 1239 377 horum
1258 342 1576 390 philosophorum
1590 370 1600 385 ‚
1617 345 1684 390 qui

341 412 429 437 cum
449 411 584 438 verum
614 401 715 436 haud
750 411 861 446 posse
883 400 1127 446 deprehendi
1154 404 1359 446 putarent,
1387 403 1471 439 veri
1491 407 1621 440 tamen
1641 404 1690 440 si—

342 460 434 496 mile
451 471 491 496 se
505 459 614 506 sequi
629 459 911 506 profiterentur.
934 458 979 494 In
994 458 1106 496 tertia
1122 458 1263 497 dicitur
1285 460 1378 506 quid
1397 461 1455 498 illi
1473 462 1686 501 verisimile

344 530 411 556 seu
430 518 644 565 probabille
663 518 918 564 appellarent.

317 617 393 648 Car.
419 626 440 647 1.
467 615 586 646 Contra
613 612 879 646 Academicorum
897 612 1038 645 rationes
1055 612 1113 646 Dei
1128 612 1244 646 auxilio
1262 624 1340 658 opus
1358 619 1418 647 est.
1644 618 1686 650 39

402 681 438 703 11.
464 670 660 703 Romaniano
677 670 757 713 grati
774 668 871 701 animi
889 668 1077 713 obsequium
1094 669 1226 703 exhibet
1238 695 1246 713 ‚
1267 681 1402 715 eumque
1413 671 1453 704 ad
1469 670 1576 715 philo-

492 726 636 770 sophiam
653 725 811 758 hortatur.
1643 730 1684 760 41

388 793 436 816 111.
461 781 634 815 Philoealia
653 786 686 814 et
704 779 914 823 philosophia.
1641 786 1686 816 44

396 850 442 872 iv.
467 842 653 873 DlSPUTAuo
677 839 702 871 1.
729 839 932 880 Repetuntur
947 836 980 871 in
992 837 1099 881 priore
1116 837 1198 871 libro
1217 839 1386 882 disputata.
1639 841 1683 873 46

407 908 440 929 v.
466 895 732 929 Academicorum
749 893 879 938 placita.
1643 898 1686 930 48

400 964 444 985 vi.
471 955 659 985 D1srunr10
682 953 723 984 Π.
743 951 926 985 Academias
948 963 1038 985 novae
1055 956 1090 985 et
1106 952 1228 987 veteris
1246 951 1421 986 dissidium.
1643 954 1686 986 50

383 1020 438 1042 vu,
466 1009 625 1042 Adversus
642 1007 866 1041 Academicos.
1642 1008 1685 1041 52

367 1077 437 1099 rur.
462 1064 729 1098 Academicorum
746 1064 925 1099 cavillatio.
1642 1066 1686 1097 55

389 1133 434 1156 xx.
460 1125 506 1154 De
522 1120 789 1155 Academicorum
808 1120 969 1154 sententia
986 1120 1072 1154 serio
1088 1120 1244 1165 deinceps
1262 1120 1500 1164 disputandum.
1643 1122 1686 1153 56

412 1188 443 1211 x.
469 1178 647 1210 ‘Verborum
659 1176 878 1210 controversia
891 1188 956 1210 non
969 1181 1019 1210 est
1038 1188 1107 1220 quae
1121 1177 1259 1211 habetur
1273 1189 1347 1211 cum
1360 1174 1572 1219 Academicis,

487 1235 545 1267 sed
562 1245 682 1267 rerum.
1642 1234 1685 1265 58

403 1301 451 1324 xi.
475 1294 659 1325 Disruuno
682 1290 738 1323 111.
765 1287 934 1323 Probabile
948 1289 1025 1333 quid
1039 1289 1092 1323 sit.
1641 1290 1684 1321 59

392 1359 450 1381 xu.
474 1350 609 1381 Rursum
626 1347 668 1380 de
684 1345 866 1390 probabili,
884 1351 918 1380 et
935 1346 1110 1380 verisimili.
1641 1346 1682 1378 61

375 1414 443 1438 xm.
468 1406 518 1439 Au
533 1403 720 1439 Academici
736 1402 962 1437 dissimularint
979 1413 1014 1436 se
1030 1402 1113 1436 scire
1130 1412 1256 1437 verum.
1640 1400 1684 1433 62

284 1601 455 1642 Exhibet
475 1597 755 1647 disputationes
771 1598 865 1634 duas
880 1623 890 1640 ‚
907 1607 1072 1644 quarum
1092 1596 1200 1633 initio
1217 1596 1398 1633 statuitur
1416 1595 1611 1633 fortunam
1627 1595 1684 1633 ni-

334 1662 390 1698 hil
416 1661 500 1698 sive
520 1660 742 1706 adjumento
767 1657 849 1697 sive
869 1656 1147 1705 impedimento
1175 1667 1262 1693 esse
1288 1655 1470 1703 sapienti.
1490 1656 1583 1694 Mox
1599 1655 1680 1693 Au-

331 1720 524 1768 gustinus,
553 1720 791 1765 repugnante
815 1728 884 1764 pro
921 1716 1113 1763 susceptis
1147 1716 1322 1763 partibus
1356 1715 1523 1763 Alypio,
1548 1718 1684 1762 probat

332 1779 510 1818 nonnihil
524 1778 616 1816 sciri
631 1789 653 1814 a
670 1779 862 1825 sapiente,
883 1780 1013 1824 utpote
1031 1777 1098 1823 qui
1111 1777 1247 1813 saltem
1265 1776 1492 1823 sapientiam
1511 1776 1681 1820 noverit.

332 1841 482 1878 Deinde
511 1839 679 1876 Zenonis
709 1837 977 1874 definitionem
1011 1837 1186 1878 discutit,
1215 1839 1253 1873 et
1282 1838 1358 1874 duo
1387 1837 1454 1874 illa
1485 1837 1684 1883 redarguit

333 1900 657 1937 Academicorum
689 1897 826 1945 placita
850 1911 859 1933 ι
888 1896 1372 1943 Nilzilpercz'ptp03831et,
1415 1895 1527 1933 Nulli
1549 1898 1608 1933 rei
1622 1898 1682 1932 de-

336 1961 418 1996 bere
444 1961 633 1996 assentiri.
664 1958 768 1993 Dicit
795 1958 952 1993 demum
981 1956 1105 1994 videri
1127 1955 1201 1993 sibi
1230 1954 1484 1993 Academicos
1516 1965 1594 1992 non
1629 1954 1684 1991 ita

331 2021 501 2058 sensisse
527 2019 583 2056 uti
607 2019 721 2065 vulgo
739 2017 1026 2055 existimantur.

315 2119 393 2152 CAP.
419 2128 444 2151 1.
469 2118 652 2150 napum-10
674 2115 700 2148 1.
726 2116 917 2157 magnopere
937 2114 1107 2157 quaerenda
1126 2113 1247 2147 veritas
1265 2112 1349 2146 unde
1365 2112 1487 2156 pendet
1503 2111 1571 2146 vita

486 2173 597 2205 beata.
1639 2170 1682 2201 65

400 2242 434 2264 n.
462 2232 513 2264 An
525 2229 653 2261 fortuna
672 2226 807 2270 sapienti
821 2227 1011 2260 necessaria.
1638 2227 1682 2258 66

383 2299 435 2322 111.
460 2286 624 2319 Differunt
633 2284 758 2327 sapiens
773 2287 807 2315 et
825 2283 992 2317 studiosus.
1013 2283 1199 2326 Sapientem
1213 2281 1354 2316 nonnihil
1368 2281 1470 2325 scire,
1493 2281 1567 2324 quia

484 2342 596 2375 saltem
609 2341 669 2373 scit
686 2339 888 2383 sapientiam.
1635 2339 1678 2371 69

394 2412 440 2435 1v.
467 2403 654 2433 Disrc‘rnm
678 2399 718 2429 11.
745 2398 863 2429 Rursus
879 2396 965 2438 quod
982 2395 1106 2438 sapiens
1122 2406 1187 2428 non
1205 2399 1255 2428 est
1271 2395 1325 2438 qui
1342 2394 1418 2428 nihil
1435 2394 1509 2427 scit.
1637 2394 1679 2424 72

406 2468 437 2489 v.
463 2455 728 2490 Academicorum
745 2453 837 2485 inane
854 2452 1025 2494 suffugium
1040 2451 1258 2495 praecluditur.
1635 2451 1677 2481 ’75

1640 2516 1648 2536 ι
1664 2516 1672 2536 ι

396 2525 437 2546 vi.
464 2512 642 2546 Yeritatem
652 2510 710 2543 nisi
727 2509 833 2542 divina
849 2520 910 2552 ope
925 2520 986 2540 nou
1004 2508 1138 2552 percipi.
