1888 3168
218 176 299 212 5252
651 189 683 215 s.
720 187 802 216 Ate
813 190 949 216 esrum
983 190 1162 218 EPISCOPI

218 254 273 295 ita
313 269 415 296 cum
449 254 631 314 quidam
669 265 842 300 vorator
863 291 873 311 ,
917 257 1166 317 ventrisque
1183 293 1193 313 ,
1231 266 1281 302 ut
1296 258 1351 302 ab
1388 260 1598 319 Apostolo

216 322 378 368 dicitur
393 361 403 380 ,
428 325 598 381 cultor,
627 325 790 372 diceret
814 327 913 373 ideo
944 344 988 372 sc
1021 329 1168 374 vivere
1185 365 1196 386 ,
1218 339 1268 375 ut
1294 335 1561 376 vesceretur¹
1584 352 1593 379 :

214 409 306 438 non
334 395 436 441 tulit
457 397 534 458 qui
563 397 767 444 audiebat
798 398 914 458 frugi
938 400 1091 456 homo,
1117 410 1181 456 et,
1207 404 1405 458 Quanto,
1429 403 1594 464 inquit,

213 466 370 511 melius
394 467 492 513 ideo
521 470 748 514 vescereris
773 480 825 515 ut
843 470 1034 516 viveres?
1057 471 1178 532 quod
1202 473 1354 534 utique
1376 489 1426 518 ex
1447 473 1599 519 eadem

210 535 291 581 ista
312 538 459 597 regula
481 539 653 585 locutus
675 551 753 586 est.
778 543 886 587 Nam
909 557 1053 603 neque
1076 542 1157 588 alia
1181 543 1236 589 de
1258 560 1386 590 causa
1408 543 1480 589 ille
1507 544 1598 590 dis-

212 608 386 667 plicuit,
405 611 484 655 nisi
502 613 624 672 quod
646 613 779 658 vitam
797 629 919 658 suam
942 623 1031 658 tam
1048 615 1169 675 parvi
1186 615 1411 675 penderet,
1436 625 1487 660 ut
1504 632 1600 661 eam

214 678 394 725 duceret
427 683 613 740 gutturis
639 684 863 744 voluptate
885 684 1105 741 viliorem,
1133 684 1319 731 dicendo
1346 702 1390 731 se
1422 697 1601 748 propter

214 750 365 811 epulas
377 753 521 798 vivere
544 774 552 799 :
570 770 713 816 neque
726 755 796 800 hic
819 756 876 800 ob
895 756 1015 801 aliud
1030 757 1128 817 jure
1149 755 1370 813 laudatur,
1386 758 1467 802 nisi
1480 758 1602 819 quod

214 821 261 866 in
283 823 333 867 iis
354 823 525 869 duobus
554 825 661 886 quid
683 836 861 887 propter
883 827 992 888 quid
1015 828 1159 885 fieret,
1189 829 1274 874 hoc
1295 838 1374 884 est,
1401 828 1508 890 quid
1530 828 1602 874 cui

211 895 461 955 subjectum
483 907 592 942 esset
614 898 877 958 intelligens,
898 899 1136 945 cibandum
1150 901 1295 961 potius
1315 910 1366 946 ut
1387 901 1599 957 vivamus,

212 981 347 1026 quam
375 968 613 1013 vivendum
641 980 692 1014 ut
719 971 916 1015 cibemur
951 971 1195 1018 admonuit.
1229 972 1432 1019 Similiter
1467 982 1511 1018 et
1553 982 1604 1017 tu

211 1037 412 1095 fortasse,
434 1050 476 1085 et
498 1040 685 1102 quilibet
706 1043 935 1088 hominum
958 1060 1048 1088 non
1073 1045 1272 1105 imperite
1294 1060 1362 1089 res
1380 1045 1604 1089 aestiman-

211 1110 340 1167 tium,
367 1112 529 1158 dicenti
551 1114 739 1175 cuipiam
753 1114 927 1177 loquaci
950 1117 1218 1178 amatorique
1230 1117 1481 1174 verborum,
1499 1116 1604 1162 Ideo

214 1182 354 1227 doceo
381 1193 430 1228 ut
463 1184 641 1246 loquar,
673 1186 1011 1247 responderetis,
1040 1191 1205 1244 Homo,
1236 1204 1315 1233 cur
1341 1204 1433 1234 non
1459 1188 1605 1249 potius

212 1253 314 1299 ideo
335 1254 526 1316 loqueris
544 1267 594 1302 ut
606 1256 786 1303 doceas?
804 1258 934 1312 Quod
950 1259 983 1303 si
1000 1260 1094 1304 haee
1109 1275 1212 1305 vera
1233 1269 1351 1315 sunt,
1376 1261 1606 1305 sicutiesse

212 1327 450 1383 cognoscis,
471 1328 591 1373 vides
613 1329 810 1389 profecto
841 1340 1007 1390 quanto
1032 1331 1164 1375 verba
1190 1331 1368 1376 minoris
1400 1331 1606 1376 habenda

211 1398 320 1453 sint,
339 1415 472 1459 quam
494 1399 540 1444 id
561 1411 741 1461 propter
761 1401 884 1462 quod
903 1403 1070 1446 utimur
1091 1402 1253 1460 verbis,
1274 1403 1482 1463 cumipse
1503 1418 1606 1447 usus

209 1469 446 1513 verborum
461 1471 551 1530 jam
580 1471 633 1515 sit
654 1472 798 1515 verbis
823 1472 1156 1533 anteponendus
1176 1492 1184 1518 :
1207 1474 1342 1517 verba
1366 1474 1482 1516 cnim
1504 1482 1607 1516 sunt

211 1548 262 1583 ut
289 1540 353 1584 his
386 1550 561 1585 utamur
586 1561 595 1585 z
620 1542 788 1585 utimur
809 1553 955 1587 autem
975 1543 1042 1587 his
1061 1544 1116 1587 ad
1139 1543 1405 1587 docendum.
1431 1546 1608 1597 Quanto

213 1620 279 1655 est
300 1627 402 1672 ergo
424 1612 578 1656 melius
601 1612 759 1657 docere
781 1629 914 1674 quam
927 1613 1066 1675 loqui,
1086 1623 1209 1659 tanto
1226 1613 1379 1659 melior
1396 1624 1458 1659 est
1475 1630 1609 1675 quam

213 1685 348 1729 verba
370 1684 549 1729 locutio.
581 1684 723 1730 Multo
749 1701 852 1745 ergo
874 1686 1029 1731 melior
1064 1686 1261 1731 doctrina
1291 1702 1421 1748 quam
1456 1687 1604 1732 verba.

217 1755 299 1800 Sed
324 1758 454 1816 cupio
472 1757 624 1801 audire
649 1757 757 1817 quid
777 1757 889 1803 forte
908 1757 1299 1803 contradicendum
1314 1767 1455 1818 putes.

274 1830 460 1872 XXVII.
494 1831 576 1873 Aa
613 1829 835 1874 Assentior
872 1829 1052 1890 quidem
1070 1829 1297 1874 meliorem
1319 1845 1452 1889 quam
1474 1829 1609 1874 verba

215 1915 307 1944 esse
330 1899 600 1958 doctrinam,
637 1899 713 1944 sed
740 1909 890 1944 utrum
913 1900 1268 1945 adversusistam
1299 1899 1497 1960 regulam
1520 1917 1609 1961 qua
1635 1934 1641 1939 .

215 1970 390 2016 dicitur:
418 1972 559 2015 Omnc
582 1970 704 2032 quod
725 1981 903 2031 propter
921 1971 1041 2016 aliud
1065 1981 1142 2027 est,
1160 1970 1339 2016 inferius
1363 1987 1452 2016 esse
1475 1987 1607 2033 quam

216 2042 263 2086 id
284 2051 462 2103 propter
485 2042 607 2103 quod
636 2051 720 2097 est,
752 2041 862 2086 nihil
884 2043 938 2087 sit
960 2042 1082 2103 quod
1104 2042 1235 2104 objici
1257 2044 1406 2103 possit,
1433 2044 1604 2102 ignoro.

214 2117 330 2159 Aca.
353 2114 468 2159 Alias
490 2115 574 2158 hoc
597 2114 902 2173 opportunius,
929 2113 1269 2175 diligentiusque
1288 2114 1568 2158 tractabimus
1596 2133 1605 2160 :

216 2202 337 2230 nunc
366 2184 477 2229 illud
505 2185 624 2246 quod
650 2184 872 2241 concedis,
900 2186 1000 2230 satis
1019 2195 1081 2230 est
1106 2187 1162 2231 ad
1187 2185 1233 2231 id
1255 2185 1376 2248 quod
1393 2186 1609 2230 conficere

215 2256 386 2301 studeo.
417 2259 500 2300 Das
530 2256 646 2299 enim
669 2257 963 2315 cognitionem
994 2273 1139 2301 rerum
1161 2272 1294 2318 quam
1321 2257 1440 2315 signa
1462 2272 1607 2300 rerum

217 2344 308 2372 csse
330 2328 586 2372 chariorem.
613 2328 911 2381 Quamobrem
938 2329 1131 2388 cognitio
1153 2344 1298 2373 rerum
1320 2345 1420 2389 quae
1442 2328 1607 2386 signifi-

217 2410 388 2454 cantur,
413 2399 651 2458 cognitioni
673 2400 895 2459 signorum
919 2400 1201 2445 anteferenda
1223 2410 1286 2445 est
1316 2420 1323 2444 z
1350 2417 1404 2444 an
1421 2400 1501 2444 tibi
1517 2414 1607 2444 non

216 2471 420 2515 videtur?
434 2474 515 2514 An.
536 2474 651 2516 Num
671 2487 751 2531 ego
775 2472 1070 2531 cognitionem
1093 2487 1238 2517 rerum
1256 2471 1504 2530 cognitione
1519 2471 1604 2528 sig—

272 2564 278 2577 ¹
300 2560 479 2596 nonum-1,
508 2560 556 2589 18.
