1888 3168
480 183 603 208 LtBEli
638 182 692 207 DE.
726 177 1084 206 IMMonTAerATE
1118 177 1280 204 AMMAE.
1491 166 1575 204 239

181 248 348 309 aliquid
376 248 458 292 nisi
491 246 613 309 quod
641 262 730 292 suae
752 243 957 305 potestati
989 242 1217 287 subditum
1243 252 1322 287 est.
1363 244 1452 287 Nee
1484 241 1576 286 ullo

181 319 314 365 modo
338 319 508 363 animus
528 318 736 378 potestati
758 315 934 360 alterius
956 313 1112 369 animi,
1138 313 1219 357 nisi
1241 314 1328 357 suis
1357 312 1576 372 cupidita-

181 390 300 434 tibus
321 389 538 434 subditur.
566 389 697 448 Cogit
716 402 818 445 ergo
838 385 911 430 ille
930 384 1099 428 animus
1122 400 1212 428 non
1236 383 1420 443 amplius
1444 399 1577 445 quam

180 472 397 524 quantum
422 463 514 521 ejus
535 476 669 522 quem
698 459 814 518 cogit
839 456 1101 517 cupiditates
1122 455 1286 500 sinunt.
1314 455 1491 500 Dictum
1514 464 1578 500 est

182 543 329 578 autem
353 531 638 592 cupiditatem
661 547 751 575 non
778 544 900 590 posse
919 528 1117 573 animum
1138 526 1323 581 habere,
1349 535 1400 570 ut
1421 542 1578 586 corpus

181 605 250 649 sit.
278 602 397 647 Illud
418 603 549 647 etiam
572 601 855 647 manifestum
878 609 942 645 est
963 598 1018 643 ad
1031 597 1199 643 nullam
1223 614 1313 643 suae
1328 597 1578 658 cupiditatis

181 672 474 735 expletionem
495 673 723 734 pervenire
735 708 746 728 ‚
768 671 875 716 dum
894 669 1055 715 amittit
1068 684 1245 713 omnem
1262 668 1549 729 cupiditatem
1567 688 1575 713 ε

182 756 226 792 et
248 746 409 791 amittit
437 745 544 791 dum
563 761 720 806 corpus
744 745 808 789 fit.
834 746 931 790 Non
949 742 1082 802 igitur
1104 751 1248 802 potest
1269 742 1324 785 ab
1347 757 1398 786 eo
1413 742 1509 800 cogi
1531 749 1581 785 ut

181 820 259 863 fiat
275 854 286 875 ,
311 818 388 879 qui
405 817 591 877 cogendi
608 819 680 878 jus
702 816 783 861 nisi
806 830 883 876 per
905 813 1070 859 subditi
1093 813 1354 874 cupiditates
1377 829 1467 858 non
1497 813 1579 857 ha-

182 891 272 935 bet.
309 889 478 934 Deinde
517 889 715 950 quisquis
744 887 915 931 animus
938 884 1124 930 alterum
1152 886 1349 930 animum
1377 885 1513 929 habet
1533 885 1581 929 in

180 970 395 1023 potestate
411 996 421 1016 ‚
447 960 582 1020 magis
600 975 702 1004 eum
719 973 899 1003 necesse
918 966 982 1002 est
1002 955 1108 1001 velit
1125 957 1170 1001 in
1188 967 1401 1017 potestate
1419 956 1579 1001 habere

175 1049 309 1095 quam
331 1048 489 1093 corpus
504 1068 514 1087 ‚
540 1041 583 1077 et
612 1032 651 1076 ei
680 1031 787 1076 velit
818 1029 1016 1074 bonitate
1037 1028 1268 1074 consulere
1283 1065 1293 1085 7
1317 1028 1389 1074 vel
1411 1027 1576 1073 malitia

175 1105 441 1166 imperitare.
466 1107 566 1150 Non
590 1118 692 1162 ergo
709 1101 829 1147 volet
849 1110 900 1145 ut
921 1117 1080 1161 eorpus
1104 1100 1173 1146 sit.

233 1179 381 1221 XXII.
404 1179 630 1221 Postremo
652 1175 731 1219 iste
753 1173 922 1218 animus
946 1188 1105 1232 cogens
1128 1182 1204 1217 aut
1221 1172 1383 1217 animal
1405 1182 1487 1228 est,
1503 1180 1579 1217 aut

174 1258 293 1294 caret
328 1263 527 1309 corpore.
559 1246 646 1292 Sed
678 1246 712 1291 si
734 1254 853 1291 caret
879 1260 1062 1305 corpore
1077 1280 1088 1300 ,
1121 1244 1167 1288 in
1189 1245 1273 1290 hoc
1296 1243 1465 1289 mundo
1487 1260 1579 1289 non

173 1331 252 1366 cst.
279 1321 386 1365 Etsi
406 1320 465 1365 ita
489 1329 574 1376 est,
594 1334 763 1364 summe
786 1318 929 1362 bonus
946 1326 1034 1373 est7
1053 1333 1134 1361 nec
1157 1326 1301 1377 potest
1324 1315 1436 1361 velle
1454 1315 1578 1360 alteri

175 1402 263 1437 tam
294 1401 469 1452 turpem
492 1389 901 1436 commutationem.
931 1388 973 1433 Si
997 1397 1143 1432 autem
1180 1387 1341 1433 animal
1373 1397 1464 1444 est⁷
1503 1396 1579 1432 aut

173 1463 334 1509 animal
351 1472 415 1508 est
435 1463 566 1507 etiam
590 1462 663 1506 ille
685 1476 818 1523 quem
841 1461 986 1520 cogit,
1005 1470 1082 1505 aut
1102 1476 1194 1505 non
1216 1470 1295 1505 est.
1325 1459 1411 1505 Sed
1433 1460 1467 1504 si
1485 1476 1575 1505 non

173 1545 237 1580 est
252 1571 262 1591 ‚
290 1534 346 1580 ad
367 1533 477 1579 nihil
499 1533 597 1594 cogi
619 1533 675 1577 ab
703 1532 788 1578 alio
816 1541 974 1593 potest.
1001 1535 1101 1578 Non
1123 1532 1240 1576 enim
1260 1531 1397 1576 habet
1416 1541 1575 1592 poten-

175 1607 327 1652 tiorem
349 1607 427 1667 qui
448 1606 493 1650 in
516 1621 689 1650 summo
710 1613 789 1649 est.
816 1604 859 1649 Si
881 1613 1028 1648 autem
1051 1604 1097 1647 in
1119 1619 1302 1664 corpore
1325 1613 1390 1648 est
1404 1639 1414 1659 ,
1441 1603 1496 1647 ab
1521 1620 1574 1649 co

174 1693 322 1722 rursus
344 1677 487 1738 quiin
508 1691 691 1735 corpore
724 1684 788 1718 est
810 1690 889 1734 per
916 1690 1074 1734 corpus
1101 1675 1298 1733 cogitur,
1339 1673 1396 1718 ad
1429 1675 1575 1735 quod-

173 1765 365 1810 cumque
387 1749 575 1807 cogitur.
594 1747 700 1801 Quis
721 1755 870 1790 autem
893 1745 1069 1791 dubitet
1084 1746 1208 1791 nullo
1230 1746 1364 1791 modo
1379 1763 1458 1806 per
1475 1764 1574 1792 cor-

173 1838 255 1883 pus
277 1821 369 1865 fieri
408 1829 575 1865 tantam
601 1819 994 1864 commutationem
1024 1820 1197 1863 animo?
1232 1822 1264 1862 F
1270 1819 1379 1862 ieret
1401 1818 1518 1864 enim
1541 1821 1575 1865 si

173 1903 285 1939 esset
314 1892 392 1938 illo
419 1908 578 1953 corpus
611 1891 837 1952 potentius
861 1910 869 1936 :
903 1891 1102 1952 quamvis
1136 1890 1356 1952 quidquid
1378 1890 1489 1935 illud
1511 1902 1575 1937 est

174 1965 230 2010 ad
251 1966 374 2027 quod
395 1980 473 2025 per
490 1980 647 2025 corpus
670 1964 863 2023 cogitur,
889 1965 1065 2024 prOrsus
1085 1978 1173 2007 non
1197 1979 1275 2023 per
1297 1979 1471 2023 corpus,
1498 1963 1575 2009 sed

173 2053 251 2098 per
272 2035 532 2097 cupiditates
554 2052 652 2080 suas
677 2036 849 2095 cogitur
865 2071 876 2091 7
907 2035 962 2079 de
985 2034 1147 2095 quibus
1173 2035 1274 2080 satis
1295 2035 1465 2079 dictum
1490 2045 1568 2080 est.

173 2108 305 2162 Quod
323 2117 469 2153 autem
486 2106 687 2152 rationali
711 2106 853 2151 anima
868 2105 1023 2150 melius
1047 2115 1111 2151 est
1125 2142 1135 2161 ‚
1163 2106 1368 2151 omnibus
1391 2123 1574 2152 consen-

175 2179 385 2224 tientibus
408 2182 522 2224 Deus
545 2188 624 2224 est.
650 2178 735 2232 Qui
761 2177 961 2241 profecto
984 2177 1172 2223 consulit
1200 2179 1354 2222 animae
1365 2214 1381 2235 ,
1406 2188 1450 2223 et
1473 2179 1572 2224 ideo

176 2266 265 2296 non
289 2251 344 2295 ab
367 2266 419 2296 eo
443 2250 539 2310 cogi
558 2250 701 2295 anima
722 2258 888 2311 potest,
913 2258 964 2294 ut
984 2259 1269 2295 convertatur
1289 2250 1335 2293 in
1354 2265 1527 2311 corpus.
