1888 3168
250 173 333 208 324
353 180 386 208 s.
413 180 643 208 Amusnm
661 181 842 209 EP1scom
859 181 983 209 mmm
1006 181 1060 209 DE
1083 179 1354 219 QUANTHATE
1379 182 1539 210 AMMAE.

246 246 587 294 moderatissime
603 283 613 303 ‚
634 247 923 308 pulcherrime
945 249 1075 304 facit,
1093 265 1274 310 quoquo
1292 249 1423 293 modo
1441 265 1530 294 sese
1553 251 1633 294 ha-

246 318 351 362 bere
367 316 586 362 voluerint
607 318 662 362 de
684 319 842 380 quibus
866 318 983 363 facit.
1011 321 1035 363 J
1040 334 1213 364 amvero
1246 319 1378 364 etiam
1398 334 1634 379 puerorum

248 388 486 434 infantium
508 391 850 435 consecrationes
880 400 1095 451 quantum
1117 391 1305 450 prosint,
1332 391 1635 436 obscurissima

245 461 429 522 quaestio
452 471 514 506 est
531 498 540 516 ‚
566 460 765 506 nonnihil
787 471 930 506 tamen
952 460 1156 521 prodesse
1173 461 1443 507 credendum
1461 471 1538 507 est.
1566 466 1637 506 In-

242 532 389 576 veniet
424 532 508 576 hoc
544 534 676 588 ratio,
712 547 812 576 cum
844 533 980 593 quaeri
1007 533 1251 593 oportuerit
1283 553 1291 578 :
1318 549 1571 594 quanquam
1593 542 1637 577 et

245 602 328 647 alia
355 603 493 647 multa
510 604 680 664 jamdiu
702 604 938 664 quaerenda
960 604 1039 648 tibi
1061 605 1205 665 potius
1228 604 1480 666 aliquando,
1502 619 1637 665 quam

241 674 544 733 cognoscenda
584 673 855 734 protulerim.
896 674 1027 728 Quod
1063 675 1139 719 fiet
1170 674 1418 731 utilissime,
1461 675 1494 720 si
1523 675 1635 733 duce

240 745 403 806 pietate
420 746 712 806 requirantur.

301 819 502 861 LXXXI.
518 820 626 871 Quae
647 833 748 862 cum
762 817 821 862 ita
844 819 944 874 sint,
971 819 1068 879 quis
1085 827 1148 863 est
1165 819 1241 880 qui
1249 820 1365 880 juste
1387 819 1633 864 stomache-

241 897 337 944 tur,
380 887 501 949 quod
534 887 702 947 agendo
734 899 864 950 atque
904 889 1245 935 administrando
1280 892 1452 951 corpori
1493 891 1635 935 anima

242 961 345 1006 data
362 960 438 1017 sit,
464 976 564 1005 cum
593 970 739 1005 tantus
757 971 800 1005 et
822 971 910 1005 tam
933 961 1105 1006 divinus
1127 978 1272 1007 rerum
1303 962 1411 1007 ordo
1434 960 1635 1007 connecti

240 1031 397 1078 melius
420 1049 510 1077 non
532 1033 697 1093 possit?
721 1036 810 1077 Aut
838 1034 1124 1094 quaerendum
1150 1043 1298 1094 putet,
1326 1033 1469 1095 qualis
1484 1033 1530 1077 in
1551 1033 1636 1079 hoc

240 1103 416 1149 mortali
444 1113 487 1147 et
512 1103 656 1163 fragili
694 1106 1137 1165 corpore·efficiatur,
1174 1121 1275 1150 cum
1304 1114 1348 1149 et
1376 1105 1422 1149 in
1450 1113 1636 1149 mortem

239 1186 420 1238 propter
441 1186 671 1237 peecatum
693 1178 792 1237 jure
828 1187 1032 1222 contrusa
1055 1178 1132 1233 sit,
1161 1188 1205 1222 et
1232 1177 1395 1222 virtute
1412 1178 1483 1222 hic
1506 1177 1637 1221 etiam

240 1249 376 1310 possit
399 1247 637 1293 excellere?
670 1252 760 1293 Aut
783 1248 921 1309 qualis
943 1259 1042 1309 post
1077 1250 1161 1294 hoc
1185 1265 1341 1309 corpus
1373 1247 1522 1292 sutura
1559 1248 1636 1303 sit,

242 1337 345 1366 cum
375 1331 418 1365 et
454 1337 585 1381 poena
608 1322 759 1365 mortis
783 1321 1023 1365 necessario
1053 1336 1228 1364 manere
1252 1319 1412 1364 debeat
1433 1329 1638 1363 manente

240 1402 422 1452 peccato
452 1401 495 1436 et
526 1392 679 1436 virtuti
700 1392 940 1452 pietatique
962 1392 1016 1435 sit
1042 1395 1157 1435 Deus
1185 1392 1298 1450 ipsc,
1329 1390 1375 1434 id
1397 1400 1461 1434 est
1480 1392 1638 1435 veritas

240 1463 333 1525 ipsa
355 1464 618 1525 praemium?
639 1466 782 1517 Quare
805 1463 838 1507 si
856 1464 947 1523 jani
970 1461 1133 1522 placet„
1155 1471 1245 1505 tam
1267 1461 1448 1519 longum
1470 1477 1637 1506 sermo-

241 1551 344 1580 nem
374 1535 658 1579 terminemus
691 1534 927 1594 aliquando
944 1568 954 1588 ‚
987 1542 1030 1577 et
1049 1532 1282 1592 implendis
1310 1533 1389 1577 Dei
1410 1532 1637 1592 praeceptis

240 1605 569 1665 vigilantissime
602 1614 646 1649 et
677 1604 994 1663 religiosissime
1022 1619 1200 1663 operam
1227 1602 1380 1646 demus
1410 1622 1417 1647 ;
1456 1618 1546 1647 non
1575 1613 1639 1648 est

244 1678 361 1723 enim
380 1677 462 1722 alia
483 1676 586 1736 fuga
603 1676 658 1722 de
682 1676 816 1721 tantis
837 1675 977 1719 malis.
1002 1675 1044 1720 Si
1067 1674 1176 1736 quid
1198 1685 1345 1719 autem
1367 1675 1592 1720 obscurius
1614 1692 1639 1720 a

242 1765 314 1794 me
343 1748 512 1793 dictum
534 1757 599 1792 est
628 1762 763 1808 quam
782 1745 940 1801 velles,
967 1744 1098 1790 facito
1120 1755 1171 1790 ut
1192 1745 1414 1790 memoriae
1452 1745 1637 1790 manda-

244 1831 341 1866 tum
359 1819 462 1865 alias
485 1819 776 1880 opportunius
799 1818 1008 1879 requiras.
1037 1820 1189 1878 Neque
1211 1818 1327 1862 enim
1350 1817 1487 1862 deerit
1510 1817 1637 1864 nobis

245 1891 548 1955 quaerentibus
571 1906 630 1946 se,
647 1890 723 1951 qui
741 1888 928 1948 desuper
944 1897 1009 1932 est
1024 1888 1228 1947 magister
1245 1888 1457 1934 omnium.
1473 1892 1525 1934 E.
1542 1892 1637 1949 Ego

244 1981 348 2012 vero
376 1973 420 2009 et
448 1964 530 2007 hac
559 1962 754 2006 oratione
780 1961 841 2004 ita
872 1975 968 2005 sum
997 1960 1201 2015 affectus,
1236 1969 1288 2004 ut
1309 1975 1404 2005 eam
1426 1960 1636 2022 interpel-

243 2035 334 2082 lare
357 2033 477 2080 nefas
499 2033 747 2094 putaverim
769 2051 777 2076 ε
804 2041 848 2075 et
866 2031 900 2075 si
929 2031 1008 2075 tibi
1032 2030 1189 2076 modus
1216 2031 1425 2076 sermonis
1446 2032 1518 2076 hic
1538 2030 1634 2092 pla-

243 2118 334 2164 cet,
359 2117 533 2168 tresque
554 2103 641 2149 illae
663 2103 926 2165 quaestiones
961 2119 1060 2164 quae
1084 2103 1389 2158 remanebant,
1419 2113 1508 2147 tam
1531 2103 1635 2148 bre-

243 2180 355 2226 viter
374 2174 714 2240 perstringendae
732 2175 775 2218 in
793 2174 1022 2236 praesentia
1043 2175 1146 2219 visae
1160 2183 1277 2230 sunt,
1303 2174 1456 2219 cedam
1467 2174 1635 2236 judicio

245 2263 349 2307 tuo,
388 2266 436 2295 ac
467 2248 671 2307 deinceps
708 2256 798 2291 tam
825 2245 990 2304 magnis
1014 2245 1143 2290 rebus
1174 2245 1506 2304 investigandis,
1543 2262 1634 2292 non

245 2324 378 2371 modo
414 2331 584 2381 tempus
617 2327 795 2378 propter
826 2327 923 2362 tuas
957 2315 1283 2377 occupationes,
1309 2315 1386 2361 sed
1412 2317 1542 2362 etiam
1564 2333 1635 2364 me

246 2397 391 2457 ipsum
413 2389 770 2455 opportuniorem
792 2387 1046 2434 observabo.
