1888 3168
320 228 403 264 :330
749 236 783 264 s.
819 236 1050 264 AUGUSTINI
1084 236 1267 263 Emscort

319 308 370 349 I).
397 306 493 349 Non
513 317 690 363 possum
723 300 846 346 aliter
863 317 932 346 mc
949 301 1093 346 dicere
1114 301 1339 357 affectum,
1373 316 1506 362 quam
1526 304 1698 348 videtur

320 375 413 419 tibi.
441 377 501 418 M.
534 373 694 418 Probas
716 388 819 432 crgo
843 387 992 418 omnes
1009 372 1113 418 istos
1135 372 1266 432 pedes
1287 388 1442 417 senum
1461 382 1706 434 temporum

319 455 434 490 rcctc
457 445 535 490 sibi
552 460 674 505 posse
695 443 890 505 copulari
911 452 987 489 aut
1006 444 1191 488 misceri.
1217 446 1270 490 D.
1298 443 1459 491 Probo.

319 595 388 614 &2³31
395 594 458 614 ὶνῑὶ
465 595 529 610 ὶὶὶἱ
534 593 601 610 &mx
606 594 672 610 m}
679 594 743 614 Vm
749 593 815 609 vm
820 591 1707 613 mmmmmwuwwnwwwwwnwvmm‘vmm

772 727 990 779 CAPUT
1025 715 1164 778 xm.

471 885 603 933 Ordo
618 883 798 947 pedum
819 882 1059 945 quomodo
1087 893 1297 930 mutetur
1312 885 1560 930 concinne.

379 1023 542 1066 XXIV.
560 1024 772 1068 Nina-NE
785 1020 1009 1078 formidas,
1025 1038 1081 1067 ne
1102 1022 1199 1084 quis
1211 1021 1446 1067 arbitretur
1465 1029 1556 1065 tam
1571 1034 1718 1080 aequa-

318 1093 418 1138 liter
439 1095 541 1138 istos
558 1093 691 1154 pedes
716 1095 800 1139 hoc
823 1094 974 1138 ordine
997 1094 1231 1139 collocatos
1254 1108 1407 1139 sonare
1430 1092 1619 1153 potuisse
1645 1111 1654 1136 z
1681 1090 1716 1135 si

319 1175 467 1210 autem
490 1165 688 1210 ordinem
712 1176 958 1227 permutes,
981 1182 1071 1211 non
1102 1166 1220 1211 idem
1246 1168 1400 1226 posse?
1428 1169 1481 1211 D.
1507 1162 1715 1211 Nonnihil

319 1237 498 1298 quidem
516 1238 659 1293 affert,
678 1238 753 1283 sed
775 1239 957 1299 experiri
975 1254 1067 1283 non
1088 1248 1153 1284 est
1170 1237 1364 1283 difficile.
1389 1240 1451 1283 Μ.
1476 1234 1601 1282 Istud
1617 1249 1719 1293 ergo

320 1308 453 1353 facito
488 1322 591 1351 cum
624 1310 800 1354 vacabit
819 1346 830 1364 ,
866 1325 959 1354 non
994 1309 1119 1354 aliter
1158 1310 1352 1355 invenies
1379 1324 1515 1370 quam
1545 1321 1721 1353 sensum

322 1389 450 1423 tuum
480 1375 741 1421 multiformi
764 1378 974 1422 varietate
997 1390 1040 1421 et
1061 1397 1149 1425 una
1169 1380 1420 1441 :equalitate
1442 1378 1639 1425 mulceri.
1665 1380 1718 1422 D.

324 1451 499 1495 Faciam
517 1472 528 1508 3
558 1465 814 1510 quanquam
836 1450 920 1494 hoc
939 1448 1138 1509 exemplo
1162 1464 1293 1493 nemo
1311 1458 1375 1493 est
1397 1452 1472 1509 qui
1494 1463 1585 1493 non
1606 1463 1722 1508 prae-

323 1522 469 1566 videat
490 1521 730 1565 necessario
754 1521 800 1564 id
829 1530 1109 1566 eventurum.
1135 1523 1196 1565 M.
1223 1523 1359 1565 Recte
1381 1520 1623 1565 existimas:
1649 1519 1726 1564 sed

322 1592 444 1654 quod
461 1591 517 1636 ad
538 1591 812 1651 propositum
832 1592 1038 1651 pertinet,
1060 1591 1237 1636 admoto
1260 1590 1419 1651 plausu
1444 1591 1526 1636 ista
1542 1606 1724 1651 percur-

325 1680 435 1719 ram,
457 1673 509 1708 ut
532 1663 587 1706 de
608 1664 693 1708 hoc
716 1679 896 1724 quoque
917 1662 1160 1724 dijudicare
1186 1662 1323 1723 possis
1353 1671 1506 1707 utrum
1539 1661 1722 1723 aliquid,

325 1752 380 1780 an
400 1736 511 1780 nihil
534 1734 754 1780 claudicet
781 1755 790 1779 :
818 1745 949 1795 atque
980 1743 1031 1778 111
1056 1733 1187 1779 simul
1219 1733 1386 1795 aliquid
1418 1733 1648 1793 experiaris
1671 1731 1727 1777 de

326 1808 673 1853 commutatione
703 1807 819 1851 illius
853 1806 1040 1862 ordinis,
1079 1822 1212 1868 quam
1250 1806 1360 1850 nihil
1397 1800 1726 1850 claudicationis

327 1878 549 1923 illaturam
587 1894 677 1922 esse
719 1878 1017 1937 praediximus,
1054 1878 1145 1937 jam
1179 1892 1299 1921 nunc
1340 1876 1484 1936 ipsum
1526 1876 1726 1920 ordinem

328 1959 472 2005 muta,
498 1959 542 1993 et
570 1959 622 1993 ut
642 1948 820 1992 libitum
850 1957 940 2004 est,
973 1947 1150 1993 eosdem
1178 1947 1310 2008 pedes
1344 1947 1579 1992 collocatos
1602 1945 1727 1990 aliter

328 2031 459 2082 atque
485 2037 508 2064 a
530 2036 600 2065 me
622 2019 825 2065 collocati
847 2029 965 2076 sunt,
991 2018 1289 2080 personandos
1306 2019 1414 2063 mihi
1435 2017 1730 2077 plaudendos-

328 2109 414 2154 que
434 2092 653 2153 permitte.
688 2094 740 2135 Ι).
780 2092 975 2136 Primum
1007 2091 1109 2136 volo
1142 2104 1231 2133 esse
1262 2088 1457 2132 ionicum
1479 2104 1502 2132 a
1532 2088 1724 2145 minore,

329 2164 573 2209 secundum
594 2163 787 2207 ionicum
807 2179 829 2206 a
853 2165 1031 2222 majore,
1053 2161 1232 2205 tertium
1256 2158 1577 2215 choriambum,
1599 2176 1728 2221 quar-

335 2246 427 2280 tum
444 2234 704 2289 diiambum,
724 2233 929 2294 quintum
949 2233 1253 2292 antispastum,
1271 2239 1441 2275 sextum
1458 2229 1723 2287 dichorium,

331 2308 566 2366 septimum
579 2304 831 2349 molossum.
853 2307 914 2349 M.
937 2303 1123 2348 Intende
1138 2318 1240 2362 ergo
1261 2311 1304 2346 et
1319 2317 1470 2346 aurem
1487 2302 1533 2345 in
1549 2318 1723 2354 sonum,

332 2388 375 2422 ct
393 2379 439 2420 in
461 2377 664 2436 plausum
687 2375 837 2420 oculos
865 2395 874 2419 :
908 2391 999 2419 non
1021 2375 1139 2418 enim
1161 2372 1323 2428 audiri,
1358 2372 1435 2417 sed
1457 2371 1597 2416 videri
1619 2389 1728 2433 opus

334 2458 398 2492 cst
421 2446 706 2508 plaudentem
734 2461 915 2490 manum
932 2481 944 2501 ,
979 2454 1021 2489 et
1050 2442 1336 2488 animadverti
1370 2443 1525 2488 acriter
1561 2454 1726 2504 quanta

336 2519 542 2578 temporis
564 2533 685 2562 mora
700 2517 745 2560 in
761 2516 978 2561 levatione
991 2552 1002 2571 ,
1021 2524 1184 2576 quanta
1201 2514 1246 2558 in
1257 2514 1471 2574 positione
1484 2514 1553 2558 sit.
1571 2517 1622 2558 D.
1641 2517 1726 2559 To-

337 2600 407 2635 tus
424 2590 549 2650 isthic
573 2604 694 2643 sum,
721 2597 938 2648 quantum
955 2586 1094 2633 valeo,
1115 2588 1176 2632 M.
1196 2585 1356 2645 Accipe
1374 2584 1507 2643 igitur
1530 2583 1718 2631 colloca-
