1888 3168
673 197 729 224 m:
760 192 916 225 MUSICA
948 196 1033 224 Lm.
1070 197 1102 222 1.
1504 180 1590 222 343

191 261 418 309 videatur?
438 264 500 308 M.
527 266 662 308 Porro
683 261 992 325 inaequalium,
1016 276 1166 307 nonne
1201 261 1274 307 alii
1295 270 1400 307 sunt
1419 260 1467 307 in
1488 261 1592 323 qui-

191 335 275 379 bus
297 350 528 395 possumus
558 333 724 391 dicere,
745 344 882 396 quota
896 342 1021 396 parte
1036 349 1113 379 sua
1134 334 1276 395 major
1292 342 1368 378 aut
1385 349 1592 394 coaeque-

194 416 266 452 tur
286 406 468 463 minori,
493 415 570 450 aut
602 421 704 451 eum
732 406 938 466 excedat,
969 404 1042 452 alii
1069 414 1218 451 autem
1247 405 1295 449 in
1317 405 1481 466 quibus
1502 421 1595 451 non

191 477 309 524 idem
333 477 419 524 dici
439 487 609 539 potest,
639 479 751 525 sicut
773 479 822 524 in
851 479 919 525 his
941 478 1135 524 numeris
1150 513 1161 534 ,
1193 476 1284 522 duo
1305 485 1350 522 et
1371 486 1564 538 quatuor
1580 513 1592 534 ,

190 548 262 596 vel
283 565 357 595 sex
392 557 437 594 et
458 552 589 595 octo?
611 551 764 596 Cernis
792 549 992 612 profecto
1013 549 1060 595 in
1086 547 1172 594 illis
1194 547 1370 594 duobus
1392 549 1595 595 humeris

192 620 491 682 superioribus
508 620 689 667 dimidia
710 632 838 683 parte
858 624 1071 684 majorem
1094 620 1255 666 minori
1277 620 1503 682 coaequari
1519 640 1531 678 ς
1549 620 1596 666 in

191 695 242 739 iis
265 709 440 740 rursum
462 711 572 756 quos
595 697 810 756 posterius
839 696 951 753 dixi,
972 695 1190 742 minorem
1214 710 1238 740 a
1252 695 1418 756 majore
1440 702 1596 756 quarta

192 775 316 827 parte
339 766 514 828 majoris
541 766 692 812 excedi
718 787 727 813 :
753 767 799 812 in
828 768 894 813 his
912 777 1059 813 autem
1081 766 1197 824 aliis,
1222 765 1373 828 quales
1390 774 1495 811 sunt
1515 766 1598 810 tria

192 847 237 883 et
258 838 427 893 decem,
447 836 518 882 vel
539 848 731 900 quatuor
747 849 791 884 et
812 839 1037 895 undecim,
1062 837 1264 884 videmus
1287 836 1468 900 quidem
1485 853 1599 883 non-

193 909 362 955 nullam
385 911 761 969 convenientiam,
787 912 891 974 quia
908 921 1053 973 partes
1072 912 1128 956 ad
1149 927 1193 956 se
1208 911 1376 957 habent
1390 947 1401 967 ,
1426 911 1482 956 de
1504 911 1599 972 qui-

195 983 279 1028 bus
301 983 390 1028 dici
416 983 553 1044 possit
571 1019 582 1039 ,
607 993 674 1028 tot
708 985 764 1029 ad
794 995 890 1045 tot,
923 985 1001 1030 sed
1022 983 1247 1046 numquid
1268 983 1424 1041 talem,
1455 983 1597 1045 qualis

195 1063 259 1100 est
281 1056 327 1100 in
344 1056 674 1117 superioribus?
696 1059 805 1103 Nam
821 1072 966 1119 neque
988 1066 1124 1119 quota
1145 1065 1270 1118 parte
1287 1056 1446 1101 minori
1460 1056 1600 1117 major

194 1137 416 1189 aequetur,
454 1144 600 1189 neque
633 1137 768 1190 quota
802 1138 928 1189 parte
960 1130 1174 1174 minorem
1210 1129 1348 1190 major
1386 1127 1566 1173 excedat
1583 1163 1595 1184 ,

194 1198 279 1244 dici
302 1199 395 1245 ullo
417 1199 551 1245 inodo
574 1209 733 1261 potest.
760 1203 871 1247 Nam
895 1217 1040 1262 neque
1066 1201 1147 1245 tria
1171 1210 1307 1261 quota
1325 1215 1424 1260 pars
1445 1200 1499 1244 sit
1517 1199 1597 1244 de-

194 1272 304 1316 narii
343 1273 539 1329 numeri,
582 1288 728 1334 neque
761 1282 952 1334 quatuor
973 1282 1108 1335 quota
1143 1287 1241 1333 pars
1264 1272 1319 1316 sit
1340 1271 1595 1329 undenarii,

194 1342 351 1389 dixerit
373 1345 608 1406 quispiam.
641 1347 755 1391 Cum
785 1355 933 1389 autem
972 1344 1071 1389 dico
1104 1353 1154 1388 ut
1187 1341 1435 1388 consideres
1463 1353 1599 1405 quota

193 1416 248 1459 sit
270 1431 391 1476 pars,
423 1416 640 1477 liquidam
661 1416 761 1462 dico
777 1452 788 1472 ,
813 1425 857 1461 et
878 1416 970 1461 sine
1001 1414 1094 1460 ullo
1117 1413 1419 1460 additamento
1434 1450 1446 1471 ,
1472 1415 1600 1460 sicuti

193 1496 258 1532 est
290 1487 493 1545 dimidia,
518 1489 672 1544 tertia,
702 1498 881 1550 quarta,
919 1488 1098 1550 quinta,
1123 1496 1240 1532 sexta
1256 1523 1268 1543 ,
1294 1496 1338 1532 et
1366 1486 1596 1549 deinceps,

193 1576 285 1605 non
307 1570 358 1605 ut
381 1561 561 1605 trientes
582 1569 625 1604 et
645 1561 920 1615 semiunciae,
954 1570 998 1604 et
1019 1561 1104 1606 hoc
1128 1576 1264 1620 genus
1291 1560 1600 1621 praecisionum

195 1630 364 1692 aliquid
385 1630 589 1676 addatur.
619 1635 671 1675 D.
690 1634 789 1676 Jam
812 1631 1028 1691 intelligo.

253 1705 376 1747 XVI.
411 1705 473 1748 M.
493 1705 610 1761 Ergo
626 1718 676 1746 ex
690 1703 757 1747 his
773 1701 1067 1764 inaequalibus
1082 1702 1276 1748 motibus
1293 1702 1597 1760 rationalibus,

194 1774 406 1837 quoniam
428 1773 518 1819 duo
548 1790 706 1834 genera
730 1774 937 1835 subjectis
970 1774 1102 1819 etiam
1135 1790 1424 1820 numerorum
1460 1791 1601 1820 exem-

194 1845 277 1907 plis
300 1846 526 1907 proposui,
548 1862 659 1908 quos
672 1845 834 1907 quibus
857 1845 1190 1906 anteponendos
1207 1846 1430 1892 arbitraris
1447 1883 1458 1904 ,
1477 1847 1600 1893 illos-

194 1934 251 1963 ne
268 1919 315 1963 in
336 1918 499 1980 quibus
514 1917 591 1962 issa
607 1927 745 1979 quota
766 1934 866 1978 pars
879 1917 967 1963 dici
989 1927 1133 1979 potest
1147 1954 1158 1974 ,
1184 1935 1240 1963 an
1261 1918 1308 1963 in
1329 1919 1492 1980 quibus
1509 1935 1600 1967 non

195 1992 370 2052 potest?
393 1989 497 2035 Illos
519 1989 629 2034 mihi
651 1990 761 2035 ratio
789 1988 967 2035 videtur
990 1992 1323 2052 anteponendos
1348 1992 1528 2053 jubere,
1554 1994 1602 2039 in

195 2062 356 2124 quibus
376 2071 522 2123 potest
539 2061 625 2107 dici
638 2098 648 2118 ,
675 2071 726 2106 ut
748 2061 1100 2107 demonstratum
1123 2072 1210 2119 est,
1230 2072 1366 2124 quota
1388 2074 1513 2125 parte
1534 2067 1602 2111 sui

195 2136 334 2196 major
347 2144 424 2180 aut
444 2144 704 2196 coaequetur
717 2134 899 2191 minori,
926 2145 1002 2180 aut
1018 2151 1121 2180 eum
1138 2135 1322 2181 excedat
1337 2172 1348 2193 ,
1364 2135 1416 2181 iis
1437 2137 1484 2182 in
1506 2139 1602 2200 qui-

197 2208 280 2252 bus
297 2207 416 2253 idem
440 2223 530 2253 non
552 2208 712 2254 evenit.
738 2210 799 2253 M.
826 2210 978 2253 Recte.
1006 2208 1092 2254 Sed
1113 2209 1263 2253 vis-ne
1282 2209 1415 2254 etiam
1428 2210 1496 2255 his
1516 2226 1601 2256 no-

197 2282 316 2327 mina
351 2282 627 2342 imponamus
640 2317 650 2337 ,
687 2290 739 2326 ut
760 2297 862 2326 cum
901 2296 973 2326 eos
1011 2280 1217 2343 deinceps
1256 2298 1601 2328 commemorare

193 2369 372 2401 necesse
389 2352 537 2410 fuerit,
555 2353 796 2414 expeditius
814 2353 1075 2415 loquamur?
1091 2358 1143 2399 D.
1160 2354 1274 2400 Volo
1287 2371 1404 2400 sane.
1422 2359 1484 2401 M.
1506 2359 1599 2417 Ap-

197 2426 411 2487 pellemus
452 2442 556 2487 ergo
583 2427 687 2472 istos
729 2442 839 2488 quos
867 2427 1165 2487 praeponimus
1182 2464 1192 2483 ,
1224 2437 1594 2487 connumeratos,

198 2499 295 2544 illos
320 2509 467 2545 autem
489 2500 649 2560 quibus
671 2501 750 2545 hos
768 2489 1090 2560 praeponimus,
1112 2500 1413 2546 dinumeratos
1436 2521 1444 2546 :
1471 2517 1601 2562 prop-

199 2580 316 2616 terea
338 2571 440 2632 quia
469 2571 535 2615 isti
559 2572 801 2632 superiores
824 2587 914 2616 non
935 2570 1076 2617 solum
1099 2572 1260 2631 singuli
1284 2582 1593 2627 numerantur,
