1888 3168
587 205 641 231 nr.
674 201 828 231 ,11051οΑ
862 203 944 230 Lm.
983 204 1041 229 iv.
1427 188 1508 229 433

121 269 274 314 mediis
297 268 447 314 siletur
469 269 574 313 locis
589 303 600 324 ,
641 277 717 313 aut
746 283 794 312 ea
816 266 986 311 restitui
1007 275 1204 327 tempora
1237 281 1335 328 quae
1357 267 1404 311 in
1424 267 1513 311 fine

121 340 362 396 debentur,
390 349 466 385 aut
491 355 540 384 ea
567 355 667 400 quae
691 338 752 383 ibi
774 338 993 383 debentur
1014 336 1093 381 ubi
1125 336 1290 381 siletur.
1322 336 1407 383 Sed
1433 337 1514 381 ali-

121 411 302 473 quando
324 427 415 456 non
436 420 501 455 est
523 426 696 455 necesse
718 419 768 454 ut
785 409 960 454 sileatur
980 409 1027 453 in
1048 407 1200 452 mediis
1217 443 1227 463 ,
1252 424 1353 452 cum
1371 418 1517 468 potest

122 483 247 528 aliter
267 494 457 528 metrum
478 483 639 539 metiri,
660 483 772 528 utin
790 499 841 528 eo
863 480 985 543 quod
1001 480 1133 542 paulo
1153 489 1254 525 ante
1270 481 1511 541 posuimus.

121 555 373 617 Aliquando
395 564 540 600 autem
579 570 753 600 necesse
775 564 862 610 est,
884 563 936 598 ut
956 554 1003 598 in
1033 554 1117 598 hoc
1132 588 1143 609 ,
1178 551 1234 599 V
1233 562 1374 598 emat
1397 562 1515 598 tem-

118 628 300 687 peries,
324 643 459 672 (curce
482 636 657 687 tepent,
677 635 788 672 sanc
809 624 1007 671 clelz'eioe.
1023 627 1135 671 Nam
1153 623 1433 670 manifestum
1452 634 1518 671 est

121 697 254 743 istum
275 714 509 744 numerum
527 735 537 754 ,
564 708 640 744 aut
662 708 978 760 quaternorum
998 706 1246 757 temporum
1259 733 1270 753 ,
1294 706 1370 742 aut
1391 713 1520 743 seno-

122 787 220 816 rum
233 770 420 832 pedibus
442 787 630 817 currere.
652 772 693 816 Si
707 781 1039 832 quaternorum,
1055 769 1272 814 silendum
1293 779 1357 814 est
1377 786 1520 815 unum

123 852 296 903 tempus
318 853 416 904 post
437 842 653 902 syllabam
681 852 903 898 octavam,
932 851 976 886 et
997 843 1043 885 in
1066 841 1152 885 fine
1175 840 1288 899 duo,
1313 842 1520 887 metiatur

123 914 265 978 primo
314 914 555 976 spondeus,
599 914 792 959 secundo
830 913 1030 972 dactylus
1047 949 1057 969 ,
1100 913 1229 957 tertio
1275 913 1517 973 spondeus,

124 996 282 1048 quarto
305 986 506 1046 dactylus
540 995 828 1031 annumerato
867 994 966 1046 post
995 984 1173 1042 longam
1194 984 1365 1030 silentio
1382 1021 1392 1040 ,
1418 985 1522 1047 quia

122 1068 222 1118 post
238 1058 417 1104 brevem
439 1074 529 1104 non
551 1067 751 1118 oportet,
776 1057 933 1118 quinto
952 1055 1170 1117 spondeus
1187 1092 1198 1112 ,
1224 1066 1342 1101 sexto
1363 1056 1522 1116 dacty-

121 1128 190 1174 lus
208 1165 219 1186 ,
243 1128 400 1174 ultima
422 1128 554 1189 longa
576 1145 662 1190 qua
685 1144 895 1174 numerus
916 1128 1137 1174 clauditur
1154 1165 1164 1185 ,
1191 1129 1261 1174 eui
1283 1129 1372 1174 duo
1406 1139 1522 1174 tem-

122 1216 227 1261 pora
247 1199 396 1245 debita
417 1199 600 1245 silentur
620 1201 666 1244 in
684 1201 785 1244 fine.
815 1201 856 1246 Si
874 1210 1021 1245 autem
1044 1216 1249 1246 senorum
1271 1211 1522 1261 temporum

122 1271 194 1317 hie
209 1272 417 1316 metimur
437 1270 570 1332 pedes
587 1307 597 1327 ,
618 1272 784 1332 primus
801 1272 884 1316 erit
900 1271 1111 1316 molossus
1130 1307 1140 1327 ,
1167 1273 1385 1318 secundus
1407 1274 1520 1318 ioni-

123 1359 199 1389 cus
223 1360 246 1387 a
274 1343 467 1398 minore,
506 1342 659 1387 tertius
682 1343 866 1388 creticus
889 1344 965 1404 qui
996 1344 1046 1387 fit
1069 1343 1290 1388 dichorius
1313 1344 1521 1406 adjuncto

122 1414 294 1460 silentio
314 1415 442 1458 unius
466 1414 697 1474 temporis,
719 1423 900 1474 quartus
923 1414 1092 1459 ionicus
1114 1431 1137 1458 a
1151 1417 1313 1476 majore
1330 1425 1378 1460 etv
1389 1417 1523 1476 longa

122 1485 304 1541 ultima,
347 1493 446 1545 post
467 1500 601 1545 quam
630 1493 821 1545 quatuor
846 1493 1044 1545 tempora
1073 1484 1335 1531 silebuntur.
1376 1491 1524 1533 Potest

123 1557 263 1614 aliter,
279 1566 332 1602 ut
347 1573 436 1602 una
457 1556 588 1616 longa
606 1555 653 1600 in
667 1557 881 1617 principio
903 1556 1122 1603 locaretur
1139 1593 1148 1613 ,
1170 1575 1302 1620 quam
1320 1575 1524 1621 sequere-

124 1639 196 1674 tur
213 1629 380 1674 ionicus
398 1644 422 1673 a
445 1628 609 1689 majore
625 1663 636 1683 ,
663 1626 823 1671 deinde
840 1628 1051 1674 molossus
1069 1665 1079 1685 ,
1105 1628 1492 1677 deinde'bacehius
1509 1669 1519 1689 ‚

123 1695 201 1763 qui
232 1701 355 1745 fieret
390 1699 652 1759 antispastus
686 1698 894 1761 adjuncto
929 1700 1102 1747 silentio
1135 1703 1266 1748 unius
1287 1705 1494 1765 temporis
1509 1742 1521 1763 ,

123 1773 306 1818 ultimus
340 1771 620 1817 choriambus
648 1780 839 1816 metrum
871 1771 1122 1829 clauderet,
1157 1773 1217 1819 ita
1250 1784 1301 1819 ut
1332 1785 1526 1837 quatuor

124 1855 374 1906 temporum
390 1843 435 1887 in
454 1843 542 1887 fine
559 1841 783 1887 silentium
801 1842 1059 1888 redderetur
1076 1845 1153 1889 uni
1170 1845 1313 1905 longae
1331 1847 1377 1892 in
1398 1849 1523 1908 prin-

124 1917 239 1978 cipio
255 1915 521 1962 constitutae.
547 1913 632 1959 Sed
645 1930 769 1959 aures
787 1915 912 1959 istam
936 1915 1251 1962 dimensionem
1270 1920 1519 1980 repudiant,

124 1988 227 2050 quia
258 2003 357 2048 pars
389 1985 512 2046 pedis
534 1986 580 2030 in
607 1985 823 2046 principio
847 1985 1058 2032 collocata
1078 2023 1088 2043 ,
1126 1989 1208 2033 nisi
1230 1991 1368 2051 major
1388 2009 1524 2054 quam

126 2057 306 2104 dimidia
327 2057 483 2113 fuerit,
519 2072 611 2101 non
642 2065 759 2101 recte
787 2056 851 2101 illi
884 2067 983 2118 post
1002 2058 1184 2118 plenum
1221 2061 1379 2121 pedem.
1401 2065 1525 2110 finali

126 2130 298 2177 silentio
321 2126 521 2174 redditur
545 2126 624 2172 ubi
645 2127 832 2172 debetur
853 2148 862 2173 ;
885 2129 962 2173 sed
995 2129 1088 2174 aliis
1110 2130 1372 2191 interpositis
1395 2136 1525 2195 pedi-

127 2202 209 2247 bus
225 2237 237 2257 ,
272 2200 431 2246 scimus
463 2199 644 2261 quidem
682 2208 899 2261 quantum
922 2199 1156 2253 debeatur3
1181 2203 1257 2247 sed
1287 2221 1377 2250 non
1399 2223 1524 2253 eom-

127 2271 414 2335 prehenditur
451 2287 601 2328 sensu,
643 2280 693 2315 ut
718 2280 839 2316 tanto
867 2271 1003 2332 spatio
1031 2272 1232 2330 sileatur,
1264 2277 1345 2321 nisi
1378 2279 1526 2326 minus

128 2346 342 2391 debeatur
363 2344 409 2388 in
431 2342 602 2389 silentio
624 2360 755 2406 quam
775 2344 966 2404 positum
988 2354 1053 2390 est
1073 2345 1118 2390 in
1140 2362 1247 2392 sono
1270 2368 1278 2393 :
1302 2351 1403 2411 quia
1422 2368 1524 2399 cum

128 2421 338 2481 majorem
359 2428 528 2479 partem
553 2418 676 2479 pedis
697 2434 782 2464 vox
802 2419 1041 2478 peregerit,
1074 2420 1217 2466 minor
1235 2438 1335 2483 quae
1357 2422 1524 2485 reliqua

131 2501 221 2547 est,
244 2490 516 2551 ubicumque
540 2488 665 2535 facile
687 2490 890 2535 occurrit.

188 2564 399 2608 XXVIH.
437 2561 734 2615 Quamobrem
769 2561 919 2617 metri,
945 2562 1066 2623 quod
1089 2564 1170 2609 sub
1206 2565 1288 2610 hoe
1324 2568 1524 2628 exemplo

346 2644 465 2675 cvm.
1301 2639 1352 2678 28
