1888 3168
298 190 383 229 306
733 198 767 228 s.
803 199 1035 231 Aucusrffli
1069 188 1252 231 Emscom

288 265 333 309 id
348 264 582 325 placuerit,
601 262 840 312 defuerunt
854 303 865 324 ‚
890 283 1035 329 neque
1058 284 1177 313 nunc
1204 268 1391 314 arbitror
1412 269 1559 316 deesse
1580 290 1589 316 :
1614 270 1691 316 sed

286 344 335 379 ut
357 335 448 396 ipse
464 334 690 396 intelligis,
706 354 773 383 res
790 348 854 384 est
874 338 1183 397 subtilissima,
1207 349 1251 384 et
1272 341 1328 385 ad
1350 357 1484 402 quam
1503 358 1692 388 cernen-

287 406 389 452 dam
412 407 572 452 mentis
589 409 701 455 acies
723 411 823 455 satis
842 410 1070 471 purganda
1093 421 1169 456 est.
1195 414 1322 458 Nunc
1343 414 1520 458 attende
1547 414 1691 474 potius

288 478 398 540 quid
419 479 544 524 aliud
563 480 722 526 afferas
735 517 746 538 ‚
773 498 862 543 quo
886 482 1117 528 convincas
1136 484 1326 529 animam
1342 484 1412 530 vel
1429 484 1608 545 longam
1624 484 1695 531 vel

286 549 423 597 latam
446 568 559 613 esse,
594 554 663 599 vel
700 553 809 615 quid
839 554 1085 615 ejusmodi:
1118 572 1221 601 nam
1241 556 1355 602 illud
1384 567 1694 616 argumentum

290 630 416 667 tuum
439 623 494 668 de
519 624 736 684 tangendi
754 641 909 682 sensu,
936 627 1067 671 sentis
1090 643 1181 672 non
1204 628 1415 687 attingere
1431 629 1661 674 veritatem
1678 664 1689 685 ‚

286 708 368 739 nec
396 694 541 741 valere
570 695 759 758 aliquid,
797 706 848 742 ut
875 713 972 742 eam
1008 714 1087 759 per
1118 708 1263 744 totum
1292 715 1450 760 corpus
1478 709 1693 762 tanquam

285 766 544 826 sanguinem
559 766 766 813 diffusam
783 784 872 813 esse
884 769 1117 815 convincat
1136 790 1144 816 :
1166 780 1242 816 aut
1256 771 1289 816 si
1298 772 1390 832 jam
1404 770 1525 833 quod
1537 772 1692 818 afferas

285 835 396 883 nihil
412 837 567 895 habes,
585 837 810 885 videamus
828 856 929 902 quae
951 851 1132 887 restant.

293 984 864 1004 mmmmmwmwm
868 987 1690 1006 mmmmmwmwnmmwwnm

766 1088 985 1140 CAPUT
1025 1092 1211 1139 XXXI.

292 1207 571 1257 Vermiculi
587 1211 709 1256 secti
723 1220 918 1272 partes,
949 1222 1201 1259 moventur
1222 1230 1234 1257 .·
1260 1229 1329 1258 an
1355 1221 1696 1276 argumentum

487 1292 558 1329 est
572 1283 750 1330 animm
767 1300 861 1345 per
875 1293 1026 1330 totum
1040 1301 1214 1346 corpus
1237 1295 1449 1331 extensoe
1461 1282 1488 1329 P

349 1410 490 1454 LXII.
508 1412 560 1455 E.
580 1412 715 1457 Num„
733 1409 942 1454 haberem
960 1409 1142 1455 fortasse
1154 1445 1165 1465 ,
1186 1411 1269 1454 nisi
1288 1409 1542 1454 recordarer
1554 1425 1696 1470 quan-

292 1487 387 1524 tum
404 1481 532 1541 pueri
550 1481 697 1525 mirari
722 1479 959 1525 soleremus
976 1481 1240 1541 palpitantes
1255 1479 1520 1531 lacertarum
1533 1479 1694 1524 caudas

291 1561 537 1612 amputatas
550 1568 574 1598 a
596 1562 756 1597 caetero
771 1568 974 1613 corpore,
990 1568 1124 1614 quem
1140 1561 1313 1596 motum
1327 1552 1418 1597 sine
1436 1552 1579 1596 anima
1600 1552 1696 1596 fieri

290 1622 415 1668 nullo
425 1623 560 1669 modo
577 1624 685 1669 mihi
697 1623 961 1685 persuadere
972 1639 1151 1684 possum
1171 1643 1180 1669 :
1196 1639 1342 1685 neque
1355 1640 1445 1684 quo
1457 1633 1588 1684 pacto
1600 1624 1694 1676 fiat,

288 1704 340 1740 ut
362 1694 536 1741 nuHum
558 1696 613 1742 sit
634 1696 791 1740 animae
809 1696 1024 1756 spatium,
1045 1694 1229 1756 quando
1245 1694 1425 1755 praecidi
1443 1695 1574 1740 etiam
1594 1710 1697 1740 cum

290 1783 473 1828 corpore
494 1776 660 1828 potest,
692 1766 905 1827 intelligo.
930 1771 983 1813 Α.
1013 1771 1188 1812 Possem
1210 1766 1474 1828 respondere
1491 1770 1636 1811 aerem
1653 1775 1698 1812 et

290 1840 464 1900 ignem3
489 1856 589 1902 quae
611 1839 701 1885 duo
713 1856 791 1901 per
814 1840 971 1885 animae
992 1839 1273 1900 praesentiam
1297 1848 1505 1884 tenentur
1526 1839 1572 1884 in
1595 1854 1698 1884 cor-

292 1927 401 1973 pore
419 1921 594 1957 terreno
617 1921 660 1956 et
672 1912 861 1957 humido
875 1947 886 1968 ‚
909 1921 961 1957 ut
974 1912 1173 1957 omnium
1191 1921 1382 1973 quatuor
1398 1911 1476 1957 fiat
1497 1920 1699 1957 contem-

293 1985 461 2045 peratio
475 2020 486 2041 ‚
512 1984 621 2030 dum
644 1993 744 2045 post
763 1984 960 2045 ejusdem
983 1984 1140 2028 animae
1164 1984 1413 2029 abscessum
1434 1983 1490 2028 ad
1510 1999 1698 2044 superna

293 2055 510 2112 evadunt,
534 2072 583 2102 ac
604 2072 695 2102 sese
712 2055 951 2117 expediunt
965 2091 976 2112 ,
1001 2071 1179 2101 movere
1198 2054 1273 2100 illa
1297 2054 1556 2116 corpuscula
1572 2065 1697 2101 tanto

295 2127 583 2185 concitatius,
613 2137 779 2191 quanto
807 2127 937 2188 plaga
971 2127 1213 2173 recentiore
1239 2127 1386 2172 subito
1418 2137 1658 2188 erumpunt
1684 2147 1694 2173 z

294 2199 455 2245 deinde
492 2215 622 2261 porro
653 2208 826 2244 motum
866 2199 1170 2259 languescere,
1217 2208 1439 2259 postremo
1474 2199 1694 2255 desinere,

297 2270 405 2316 dum
426 2271 571 2317 minus
594 2271 829 2333 minusque
850 2271 900 2315 fit
930 2272 1053 2332 quod
1082 2270 1261 2330 effugit,
1290 2287 1339 2315 ac
1371 2269 1532 2315 deinde
1556 2279 1700 2316 totum

299 2342 458 2389 evolat.
477 2343 563 2389 Sed
584 2343 641 2388 ab
672 2343 757 2388 hoc
774 2357 845 2387 me
866 2352 1041 2388 revocat
1056 2341 1177 2403 quod
1197 2342 1263 2386 his
1280 2342 1407 2387 hausi
1428 2341 1565 2387 oculis
1584 2357 1697 2402 pene

300 2416 435 2461 serius
463 2431 598 2477 quam
621 2413 739 2460 credi
761 2423 927 2475 potest3
947 2413 1023 2460 sed
1044 2423 1160 2459 certe
1187 2429 1278 2459 non
1299 2414 1434 2459 serius
1455 2429 1589 2475 quam
1616 2412 1697 2459 de·-

300 2488 464 2533 berem.
491 2489 605 2533 Cum
630 2487 748 2531 enim
773 2502 916 2547 nuper
937 2486 984 2530 in
999 2502 1103 2545 agro
1119 2500 1308 2530 essemus
1326 2485 1514 2544 Liguriae
1527 2521 1538 2542 ‚
1560 2484 1696 2530 nostri

300 2558 364 2604 illi
394 2558 706 2613 adolescentes,
738 2558 816 2619 qui
837 2567 943 2603 tunc
970 2572 1145 2602 mecum
1174 2566 1298 2602 erant
1325 2556 1573 2602 studiorum
1596 2572 1695 2602 suo-
