1883 3194
541 251 706 278 CONTRA
739 248 1002 277 ΔσΑῡΕΜΙεοε
1035 250 1159 276 muna
1194 251 1240 276 11.
1533 237 1582 276 41

186 318 330 376 signa,
357 333 506 363 rursus
538 317 734 378 projecto
756 316 888 361 totius
926 315 1119 375 corporis
1157 330 1289 360 onere
1328 324 1521 360 recurret
1543 316 1587 360 in

125 431 127 436 ,
186 388 383 434 coelum?
404 391 607 448 Ergo-ne
630 388 900 447 Augustinus
932 386 987 431 de
1019 386 1297 432 Romaniano
1326 386 1486 432 frustra
1510 387 1589 432 ista

184 456 320 505 dixit?
338 462 437 507 Non
459 459 572 505 sinet
592 458 667 504 ille
690 459 763 505 cui
785 474 855 504 me
878 468 1022 504 tottun
1050 457 1175 516 dedi,
1212 474 1347 520 quem
1376 475 1495 504 nunc
1518 474 1588 505 re-

186 546 452 593 cognoscere
469 530 748 594 aliquantum
770 531 901 592 coepi.

185 691 327 707 wvhmm
331 688 1549 710 mmmmmmmmmmwwmmm
1555 688 1594 706 W

494 864 513 868 -
732 825 954 877 CAPUT
992 828 1063 875 II.

185 974 502 1020 Romaniano
512 974 651 1038 grati
663 973 821 1019 αηιίηἰ
834 971 1118 1034 obsequium
1137 970 1360 1029 exhibet,
1389 987 1592 1032 eumque

529 1043 602 1092 ad
614 1042 981 1107 philosophiam
1009 1043 1249 1092 hortatur.

245 1186 329 1229 ΙΙΙ.
364 1187 490 1231 Eneo
528 1185 768 1246 aggredere
796 1200 973 1231 mecum
1016 1184 1343 1247 philosophiam
1382 1203 1391 1230 ι
1426 1183 1499 1228 hic
1532 1193 1597 1229 est

184 1254 406 1317 quidquid
427 1266 471 1302 te
495 1257 675 1302 anxium
697 1273 836 1318 saepe,
859 1266 992 1318 atque
1023 1256 1307 1303 dubitantem
1335 1254 1597 1301 mirabiliter

184 1326 297 1373 solet
315 1343 492 1373 movere
517 1345 529 1372 .·
550 1344 641 1373 non
666 1329 785 1372 enim
816 1338 967 1372 metuo
1004 1337 1082 1373 aut
1103 1345 1127 1373 a
1160 1326 1360 1374 socordia
1396 1342 1594 1383 morum,

184 1409 264 1444 aut
280 1415 305 1444 a
326 1398 533 1444 tarditate
555 1398 721 1460 ingenii
738 1398 818 1444 tui.
843 1399 949 1453 Quis
975 1399 1092 1444 enim
1116 1408 1158 1444 te
1181 1397 1363 1460 quando
1393 1398 1596 1460 aliquan-

185 1480 283 1515 tum
297 1470 509 1531 respirare
530 1485 787 1515 concessum
805 1479 870 1515 est
883 1506 894 1526 ,
933 1471 980 1514 in
1001 1470 1277 1517 sermonibus
1304 1471 1460 1515 nostris
1482 1470 1596 1530 vigi·

184 1542 371 1590 lautior?
392 1543 493 1604 quis
514 1542 685 1588 acutior
707 1542 938 1603 apparuit?
958 1544 1159 1602 Ergo-ne
1183 1543 1263 1587 tibi
1294 1542 1478 1602 gratiam
1505 1558 1597 1587 non

183 1614 460 1675 repensabo?
481 1617 553 1660 An
584 1613 766 1660 fortasse
786 1612 1020 1675 paululum
1044 1613 1213 1659 debeo?
1238 1616 1304 1659 Tu
1330 1629 1401 1658 me
1424 1612 1598 1659 adoles-

185 1686 416 1731 centulum
436 1701 678 1747 pauperem
713 1684 770 1730 ad
804 1685 1035 1747 peregrina
1069 1684 1214 1730 studia
1236 1682 1518 1745 pergentem,
1555 1695 1600 1730 et

186 1757 344 1814 domo,
369 1767 414 1803 et
430 1767 637 1819 sumptu,
664 1757 859 1818 et(quod
881 1754 981 1817 plus
998 1761 1075 1813 est)
1099 1757 1245 1802 animo
1279 1756 1500 1816 excepisti.
1529 1759 1596 1801 Tu

186 1839 308 1891 patre
327 1830 533 1876 orbatum
550 1829 740 1874 amicitia
759 1828 1009 1874 consolatus
1028 1843 1088 1883 es,
1112 1827 1362 1872 hortatione
1378 1827 1595 1885 animasti,

187 1917 271 1962 ope
294 1901 515 1963 adjuvisti.
545 1903 612 1946 Tu
637 1900 683 1945 in
706 1909 857 1946 nostro
888 1900 983 1960 ipso
1015 1899 1282 1960 municipio,
1322 1898 1493 1956 favore,
1530 1899 1599 1944 sa-

186 1971 460 2029 miliaritate,
484 1971 885 2018 communicatione
908 1970 1066 2016 domus
1089 1980 1180 2015 tuae
1201 1987 1315 2032 pene
1337 1981 1482 2016 tecum
1509 1971 1600 2017 cla-

188 2059 287 2089 rum
308 2043 633 2105 primatemque
653 2059 725 2088 me
743 2042 897 2088 fecisti.
928 2045 994 2087 Tu
1015 2044 1332 2103 Carthaginem
1353 2043 1600 2090 illustrioris

188 2113 469 2176 professionis
488 2115 625 2175 gratia
642 2123 912 2159 remeantem
928 2151 938 2170 ,
964 2131 1067 2159 eum
1092 2115 1174 2159 tibi
1192 2125 1236 2160 et
1263 2131 1463 2161 meorum
1486 2115 1599 2161 nulli

188 2186 423 2233 consilium
445 2202 613 2243 meum,
638 2201 851 2247 spemque
869 2186 1156 2247 aperuissem,
1183 2187 1383 2249 quamvis
1401 2187 1600 2249 aliquan-

191 2269 289 2304 tum
310 2258 387 2304 illo
410 2258 492 2303 tibi
514 2258 668 2315 insito,
690 2257 794 2319 quia
816 2258 879 2302 ibi
894 2258 986 2319 jam
1006 2257 1244 2315 docebam,
1269 2258 1423 2319 patriae
1451 2275 1599 2304 amore

191 2340 423 2377 cunctatus
441 2346 484 2376 es
499 2366 510 2387 ,
526 2339 677 2376 tamen
694 2329 772 2374 ubi
791 2329 990 2375 evincere
1008 2329 1294 2375 adolescentis
1312 2329 1600 2390 cupiditatem

194 2403 250 2449 ad
272 2419 344 2460 ea,
379 2419 481 2465 quae
517 2402 785 2448 videbantur
818 2401 1000 2447 meliora
1032 2401 1253 2447 tendentis
1287 2402 1499 2463 nequisti,
1546 2418 1600 2446 ex

192 2477 476 2522 dehortatore
492 2476 540 2521 in
561 2476 808 2538 adjutorem
830 2476 938 2520 mira
960 2475 1281 2521 benevolentiae
1297 2475 1599 2520 moderatione

193 2563 431 2594 conversus
453 2563 513 2592 es.
541 2550 608 2591 Tu
645 2546 893 2593 necessariis
933 2547 1136 2592 omnibus
1165 2547 1246 2592 iter
1278 2546 1600 2592 adminiculasti

195 2635 361 2665 meum.
390 2621 456 2665 Tu
479 2616 643 2665 ibidem
661 2634 832 2672 rursus,
858 2618 932 2679 qui
958 2617 1202 2674 cunabula,
1234 2627 1277 2662 et
1299 2619 1421 2678 quasi
1444 2617 1598 2663 nidum
