1888 3168
504 229 628 256 LIBER
661 228 715 255 DE
748 223 1024 262 QUANTITATE
1058 224 1222 254 AMMAE.
1478 216 1563 254 315

166 296 288 342 litate
305 304 451 340 motus
462 293 721 346 delectatur,
742 299 786 335 et
808 290 899 334 sine
913 289 1065 334 labore
1080 291 1251 336 ordinat
1266 292 1566 337 membrorum

167 366 448 415 concordiam
463 386 474 422 3
494 379 573 424 pro
587 361 868 422 copulatione
891 376 1015 406 sexus
1027 362 1115 420 agit
1127 362 1251 423 quod
1263 372 1421 423 potest,
1434 373 1566 425 atque

167 442 214 486 in
236 438 404 501 duplici
425 446 599 491 natura,
623 435 830 480 societate
856 443 991 496 atque
1023 450 1171 480 amore
1202 434 1385 480 molitur
1405 452 1562 482 unum.

169 513 368 559 Foetibus
381 526 472 555 non
485 510 577 571 jam
590 507 819 568 gignendis
842 508 1167 564 tantummodo,
1183 507 1259 553 sed
1270 508 1402 554 etiam
1419 507 1569 554 foven-

169 585 250 642 dis,
265 582 455 638 tuendis,
472 580 727 642 alendisque
741 580 976 641 conspirat.
993 581 1143 626 Rebus
1156 580 1271 625 inter
1288 596 1396 642 quas
1410 596 1568 641 corpus

168 657 274 716 agit,
297 664 341 700 et
363 653 524 716 quibus
547 668 705 713 corpus
727 661 958 708 sustentat,
978 651 1297 697 consuetudine
1313 668 1404 697 sese
1417 652 1571 698 innec-

169 727 237 784 tit,
259 735 303 771 et
319 726 376 772 ab
399 726 458 770 eis
474 724 598 786 quasi
615 723 823 769 membris
842 739 957 784 aegre
979 733 1205 784 separatur
1232 743 1242 770 ς
1268 740 1368 785 quae
1391 739 1571 769 consue-

168 798 335 844 tudinis
358 797 423 843 vis
448 796 580 842 etiam
602 796 875 858 sejunctione
893 811 1039 840 rerum
1062 796 1256 856 ipsarum
1285 805 1417 857 atque
1438 795 1572 839 inter-

167 868 285 916 vallo
314 867 524 929 temporis
557 883 649 912 non
681 866 877 923 discissa,
902 867 1114 912 memoria
1135 876 1333 912 vocatur.
1371 865 1456 912 Sed
1478 867 1572 912 haec

168 956 316 986 rursus
334 939 481 985 omnia
497 955 622 999 posse
637 938 829 983 animam
851 937 984 983 ctiam
1004 939 1049 983 in
1067 938 1214 983 bestiis
1237 953 1369 983 nemo
1391 947 1540 997 negat.

230 1014 414 1057 LXXII.
441 1014 557 1070 Ergo
580 1011 781 1056 attollere
801 1011 848 1055 in
869 1011 1047 1055 tertium
1080 1010 1282 1070 gradum,
1308 1010 1384 1071 qui
1401 1011 1493 1071 jam
1510 1018 1575 1054 est

166 1083 338 1130 homini
362 1083 581 1143 proprius,
614 1092 657 1127 et
681 1084 824 1142 cogita
853 1082 1110 1127 memoriam
1139 1099 1231 1127 non
1253 1081 1574 1132 consuetudine

168 1155 440 1211 inolitarum,
466 1155 544 1200 sed
568 1154 944 1201 animadversione
974 1165 1107 1216 atque
1135 1155 1266 1214 signis
1289 1152 1574 1200 commenda-

168 1238 315 1273 tarum
349 1244 398 1273 ac
429 1237 701 1273 retentarum
726 1243 874 1273 rerum
907 1226 1322 1283 innumerabilium,
1358 1236 1426 1272 tot
1464 1236 1576 1271 artes

170 1300 398 1360 opificum,
417 1315 622 1359 agrorum
640 1299 802 1356 cultus,
822 1300 1117 1344 extructiones
1137 1300 1333 1355 urbium,
1354 1296 1576 1344 variorum

170 1372 462 1417 aedificiorum
485 1389 535 1416 ac
557 1371 837 1416 moliminum
865 1371 1129 1416 multimoda
1155 1371 1390 1430 miracula3
1421 1371 1577 1416 inven-

170 1443 312 1488 tiones
335 1451 401 1487 tot
420 1444 647 1502 signorum
667 1442 712 1487 in
738 1442 909 1499 litteris,
938 1444 983 1487 in
1006 1444 1166 1500 verbis,
1193 1445 1239 1488 in
1263 1454 1404 1504 gestu,
1427 1444 1473 1488 in
1496 1459 1577 1488 cu-

167 1514 416 1576 juscemodi
442 1531 567 1571 sono,
592 1515 637 1560 in
658 1514 841 1575 picturis
865 1525 998 1576 atque
1020 1516 1264 1576 figmentis,
1292 1525 1357 1561 tot
1380 1516 1577 1576 gentium

170 1586 360 1646 linguas,
382 1596 448 1631 tot
463 1586 679 1642 instituta,
702 1595 768 1631 tot
790 1603 921 1643 nova,
947 1596 1014 1632 tot
1036 1588 1300 1645 instaurata,
1328 1596 1501 1632 tantum
1524 1587 1579 1630 li-

171 1658 355 1702 brorum
388 1673 651 1712 numerum,
687 1666 732 1701 et
762 1657 1060 1717 cujuscemodi
1094 1668 1484 1704 monumentorum
1523 1657 1579 1703 ad

170 1728 507 1774 custodiendam
533 1728 808 1784 memoriam,
830 1738 1088 1790 tantamque
1111 1746 1263 1774 curam
1281 1730 1547 1790 posteritatis
1565 1751 1575 1788 3

172 1799 434 1855 officiorum,
456 1808 740 1859 potestatum,
760 1799 984 1844 honorum
1004 1799 1359 1861 dignitatumque
1383 1800 1575 1856 ordines,

172 1873 263 1918 sive
282 1872 327 1916 in
349 1872 523 1917 familiis
540 1907 551 1928 ,
578 1872 668 1918 sive
691 1871 838 1928 domi,
865 1871 1124 1934 militiaeque
1150 1874 1196 1917 in
1221 1872 1466 1934 republica,
1492 1874 1581 1918 sive

173 1945 221 1990 in
242 1943 436 2005 profanis
453 1979 464 1999 ,
491 1944 580 1989 sive
610 1943 656 1988 in
677 1944 806 1989 sacris
839 1945 1142 2004 apparatibus,
1177 1946 1268 1990 vim
1290 1945 1579 1991 ratiocinandi

175 2025 220 2060 et
242 2013 539 2074 excogitandi,
566 2014 723 2059 fluvios
746 2014 1033 2076 eloquentiae,
1055 2016 1303 2061 carminum
1325 2017 1552 2062 varietates
1567 2053 1578 2072 ,

175 2086 361 2133 ludendi
381 2103 431 2132 ac
439 2085 619 2147 jocandi
637 2102 765 2131 causa
783 2086 1068 2133 milleformes
1090 2088 1404 2145 simulationes,
1422 2089 1582 2134 modu-

176 2159 298 2204 landi
320 2158 544 2219 peritiam,
581 2157 839 2203 dimetiendi
862 2159 1151 2204 subtilitatem
1169 2196 1180 2217 ,
1206 2160 1469 2205 numerandi
1491 2160 1580 2205 dis-

178 2230 386 2292 ciplinam
401 2266 412 2287 ,
456 2230 780 2291 praeteritorum
817 2246 866 2276 ac
906 2229 1160 2277 futurorum
1199 2248 1251 2277 ex
1291 2233 1582 2294 praesentibus

180 2303 495 2363 conjecturam.
536 2305 695 2361 Magna
726 2302 822 2346 haec
859 2311 903 2347 et
934 2304 1116 2349 omnino
1152 2304 1362 2349 humana.
1404 2304 1489 2350 Sed
1521 2314 1584 2349 est

181 2372 327 2418 adhuc
349 2374 429 2418 ista
450 2373 612 2434 partim
634 2372 773 2419 doctis
802 2382 934 2435 atque
962 2373 1178 2432 indoctis,
1204 2376 1363 2436 partim
1386 2376 1511 2421 bonis
1535 2393 1583 2421 ac

181 2443 305 2489 malis
324 2444 478 2489 animis
500 2445 626 2504 copia
647 2446 906 2491 communis.

242 2519 450 2561 LXXIII.
488 2518 667 2577 Suspice
688 2518 823 2578 igitur
850 2527 983 2580 atque
1005 2519 1119 2564 insili
1142 2529 1300 2582 quarto
1326 2520 1506 2580 gradui,
1533 2537 1584 2564 ex

183 2604 273 2649 quo
304 2588 477 2635 bonitas
512 2589 687 2650 incipit,
735 2600 867 2652 atque
906 2592 1046 2638 omnis
1083 2607 1184 2639 vera
1222 2591 1430 2638 laudatio.
1470 2593 1583 2638 Hinc
