1883 3194
547 205 711 234 coM‘RA
745 204 1009 233 AeADEmcos
1041 207 1167 233 Lnffln
1200 207 1228 231 1.
1534 193 1588 232 35

189 271 278 316 rius
294 272 386 333 jam
409 270 596 327 sciebat,
618 276 726 333 quas
747 272 851 315 'tuus
869 270 1039 332 sapiens
1056 286 1228 332 semper
1241 270 1461 331 inquiret?
1480 272 1593 315 Tum

189 340 437 388 Licentius:
463 342 662 399 Divinas,
689 343 769 399 ait,
791 350 835 387 et
853 341 928 387 ille
950 344 1150 398 noverat,
1172 341 1249 386 sed
1271 358 1360 386 non
1382 357 1469 397 eas,
1493 358 1595 403 quae

188 426 212 459 a
235 415 431 475 sapiente
445 414 698 476 quaerendae
714 419 832 460 sunt.
857 414 965 468 Quis
987 414 1104 458 enim
1123 430 1214 458 non
1227 422 1392 458 evertat
1414 428 1593 458 omnem

188 486 402 548 loquendi
437 486 828 546 consuetudinem,
866 487 901 532 si
933 486 973 532 ei
1005 485 1323 532 divinationem
1354 486 1590 542 concedat,

188 557 354 603 adimat
369 571 436 603 res
448 557 633 616 divinas,
653 575 677 604 e
693 558 856 621 quibus·
874 557 1086 605 dlvinatio
1102 558 1327 604 nominata
1345 559 1435 603 est?
1448 560 1594 612 Quare

187 627 264 674 illa
283 633 426 675 vestra
447 628 668 688 definitio,
694 631 740 675 ni
761 629 914 687 fallor,
943 630 1093 676 nescio
1114 629 1225 692 quid
1245 628 1368 675 aliud
1390 627 1514 692 quod
1534 627 1593 674 ad

188 701 446 763 sapientiam
466 718 557 747 non
578 702 842 764 pertineret,
862 700 1054 747 inclusit.

246 772 420 818 XXIII.
454 776 566 818 Tum
589 764 820 834 Trygetius
844 793 855 820 ε
891 771 1204 819 Definitionem
1237 772 1389 829 istam,
1427 771 1594 833 inquit,

189 842 424 902 defendet,
449 844 485 890 si
504 844 684 902 libebit,
710 844 785 890 ille
806 845 883 907 qui
907 844 1108 907 protulit.
1133 847 1261 891 Nunc
1282 843 1394 889 mihi
1423 853 1474 889 tu
1493 842 1597 889 volo

190 916 468 978 respondeas,
493 922 545 963 u't
564 917 744 963 tandem
768 917 824 963 ad
837 917 884 963 id
903 917 1025 980 quod
1038 917 1183 978 agitur
1196 917 1437 963 veniamus.
1462 915 1598 961 Isthic

189 1005 309 1046 sum,
336 990 482 1052 inquit
505 989 606 1036 ille:
633 994 823 1047 Das-ne,
853 991 934 1047 ait,
967 989 1237 1036 Albicerium
1265 989 1392 1035 scisse
1417 989 1598 1035 verum?

190 1065 272 1118 Do,
293 1063 448 1125 inquit.
467 1063 624 1109 Melior
636 1063 770 1124 igitur
784 1073 862 1109 tuo
877 1063 1087 1124 sapiente.
1105 1063 1238 1109 Nullo
1252 1062 1402 1119 modo,
1419 1063 1478 1106 ait
1490 1061 1564 1105 ille
1584 1081 1593 1107 2

189 1150 292 1179 nam
304 1134 426 1196 quod
448 1151 584 1195 genus
597 1135 688 1181 veri
709 1133 878 1196 sapiens
892 1135 1097 1197 inquirit,
1125 1152 1215 1181 non
1228 1133 1372 1180 solum
1394 1133 1469 1179 ille
1483 1132 1597 1178 deli-

190 1222 263 1250 rus
283 1205 492 1262 hariolus,
509 1206 587 1251 sed
608 1222 663 1251 ne
685 1206 776 1267 ipse
793 1206 977 1268 quidem
998 1206 1184 1267 sapiens,
1206 1206 1315 1252 dum
1333 1207 1379 1251 in
1392 1207 1478 1252 hoe
1500 1221 1600 1251 eor-

191 1293 297 1338 pore
313 1277 436 1334 vivit,
463 1279 733 1340 assequitur,
757 1277 882 1339 quod
903 1287 1053 1323 tamen
1070 1288 1245 1323 tantum
1270 1288 1358 1335 est,
1384 1288 1436 1323 ut
1456 1277 1600 1322 multo

191 1349 246 1394 sit
259 1348 550 1411 praestabilius
560 1350 646 1395 hoe
663 1365 835 1409 semper
847 1365 1061 1410 quaerere,
1082 1365 1217 1410 quam
1230 1348 1344 1394 illud
1357 1348 1598 1411 aliquando

190 1420 401 1467 invenire.
427 1423 609 1468 Necesse
631 1429 721 1477 est,
748 1420 808 1465 ait
836 1419 1090 1479 Trygetius,
1116 1430 1169 1466 ut
1188 1421 1299 1466 mihi
1319 1421 1367 1465 in
1389 1421 1602 1481 angustiis

191 1491 389 1539 definitio
408 1492 484 1539 illa
505 1493 755 1540 subveniat.
779 1494 890 1547 Quae
912 1492 947 1538 si
971 1502 1204 1554 propterea
1228 1492 1310 1538 tibi
1331 1493 1485 1539 vitiosa
1505 1493 1598 1539 visa

191 1572 277 1622 est,
303 1564 408 1627 quia
429 1563 657 1626 complexa
678 1573 743 1610 est
768 1579 896 1621 eum,
922 1580 1058 1626 quem
1080 1579 1173 1610 non
1188 1579 1422 1625 possumus
1441 1579 1603 1611 vocare

190 1636 457 1698 sapientem,
479 1648 632 1700 quaero
660 1644 815 1682 utrum
835 1647 933 1681 eam
958 1635 1143 1698 probes,
1178 1636 1214 1681 si
1246 1636 1507 1697 sapientiam
1529 1652 1602 1681 re-

192 1719 294 1756 rum
312 1710 609 1756 humanarum
641 1709 984 1771 divinarumque
1002 1708 1229 1755 seientiam
1263 1708 1484 1766 dieamus,
1519 1710 1598 1756 sed

192 1796 363 1840 earum,
386 1798 488 1845 quae
508 1779 566 1828 ad
587 1781 762 1828 beatam
773 1781 910 1828 vitam
930 1781 1198 1843 pertineant.
1219 1783 1316 1837 Est,
1340 1781 1489 1844 inquit
1507 1781 1598 1839 ille,

194 1856 239 1901 et
259 1855 342 1901 ista
362 1854 599 1917 sapientia,
634 1853 714 1901 sed
744 1870 838 1900 non
869 1853 961 1900 sola
1001 1873 1011 1900 :
1037 1853 1158 1900 unde
1184 1854 1383 1915 superior
1402 1853 1603 1901 definitio

193 1928 352 1975 invasit
371 1927 588 1984 alienum,
627 1927 725 1972 haec
761 1934 909 1972 autem
936 1927 1168 1987 proprium
1201 1924 1396 1972 deseruit
1430 1945 1441 1972 ε
1465 1941 1603 1988 quare

192 2000 268 2047 illa
289 1999 503 2056 avaritiae,
527 1999 610 2045 ista
633 1997 832 2044 stultitiae
854 1998 1032 2058 coargui
1048 2007 1210 2059 potest.
1235 1999 1415 2044 Etenim
1437 2008 1490 2044 ut
1509 1999 1604 2060 ipse

188 2075 281 2136 jam
321 2071 535 2134 explicem
573 2070 831 2117 definitione
872 2069 995 2132 quod
1035 2071 1201 2128 sentio,
1243 2071 1456 2131 sapientia
1493 2071 1602 2116 mihi

193 2143 371 2192 videtur
392 2159 483 2189 esse
516 2158 666 2188 rerum
692 2142 988 2187 humanarum
1020 2141 1385 2204 divinarumque,
1417 2159 1519 2204 quae
1543 2141 1600 2187 ad

195 2217 373 2263 beatam
391 2217 527 2263 vitam
544 2215 794 2277 pertineant
809 2251 820 2271 ,
845 2231 937 2260 non
959 2214 1140 2260 scientia
1173 2213 1315 2260 solum
1329 2251 1340 2270 ,
1376 2214 1453 2260 sed
1469 2216 1604 2260 etiam

192 2288 381 2348 diligens
405 2287 647 2349 inquisitio.
685 2289 828 2341 Quam
854 2284 1202 2347 'descriptionem
1224 2286 1258 2331 si
1279 2286 1432 2347 partiri
1467 2287 1573 2334 Velis
1589 2324 1600 2344 ,

193 2360 338 2422 prima
349 2375 465 2420 pars,
483 2375 584 2421 quae
598 2358 825 2403 seientiam
842 2366 980 2414 tenet,
996 2358 1077 2403 Dei
1093 2367 1181 2403 est:
1206 2358 1303 2403 haee
1316 2367 1480 2415 autem,
1502 2373 1603 2420 quae

198 2428 483 2494 inquisitione
505 2439 714 2476 contenta
733 2439 822 2485 est,
843 2428 1051 2474 hominis.
1079 2428 1160 2474 Illa
1182 2429 1316 2489 igitur
1344 2432 1488 2486 Deus,
1519 2430 1604 2475 hae

201 2513 347 2549 autem
360 2504 495 2548 homo
518 2502 672 2547 beatus
693 2511 772 2548 est.
799 2504 911 2546 Tum
924 2500 998 2545 ifle
1026 2501 1210 2557 :Miror,
1227 2501 1398 2564 inquit,
1426 2503 1601 2562 sapien-

200 2585 290 2622 tem
325 2585 453 2621 tuum
477 2574 700 2636 quomodo
731 2588 892 2618 asseras
922 2570 1081 2618 frustra
1110 2588 1289 2632 operam
1322 2575 1595 2619 consumere.

1375 2648 1413 2686 3.
