1888 3168
325 187 374 224 47
385 185 405 224 4
756 194 788 221 s.
827 193 1054 222 Aucusrmr
1088 195 1266 222 Episcom

324 277 528 306 numeros
552 263 661 321 agit,
687 276 798 322 quos
821 261 865 304 in
886 274 1096 305 venarum
1117 260 1247 321 pulsu
1279 261 1544 317 invenimus,
1569 261 1708 308 soluta

325 333 508 394 quaestio
531 342 620 378 est:
647 347 749 377 nam
775 341 820 376 et
846 331 892 376 in
919 331 1169 391 operatione
1196 332 1275 376 hos
1306 345 1396 376 esse
1430 331 1709 378 manifestum

324 415 409 460 est,
436 414 478 449 et
510 404 618 450 nihil
640 403 695 448 ad
717 419 789 450 eos
825 403 1080 463 adjuvamur
1102 403 1324 448 memoria.
1350 403 1481 457 Quod
1513 404 1547 453 si
1569 403 1623 448 de
1644 405 1710 450 his

323 478 540 522 incertum
567 486 653 532 est,
673 486 824 522 utrum
853 475 1071 535 operantis
1097 476 1254 519 animae
1274 475 1385 533 sint,
1410 474 1466 520 de
1486 475 1576 520 istis
1596 484 1711 520 certe

324 565 434 610 quos
465 549 725 609 reciproquo
758 547 913 607 spiritu
936 547 1126 607 agimus,
1152 546 1265 591 nulli
1288 546 1475 592 dubium
1502 556 1586 603 est,
1604 548 1712 608 quin

324 631 367 666 et
387 630 634 680 temporum
651 618 887 666 intervallis
910 619 1082 663 numeri
1099 619 1201 675 sint,
1221 628 1265 663 et
1282 634 1354 664 eos
1367 620 1425 664 sic
1441 619 1582 663 anima
1604 633 1711 678 ope-

324 701 467 747 retur,
492 701 542 737 ut
573 692 702 736 etiam
724 690 951 736 voluntate
984 688 1180 734 adhibita
1210 690 1358 734 multis
1389 688 1528 735 modis
1557 689 1713 734 variari

324 773 514 825 queant:
548 780 628 808 nee
660 773 807 808 tamen
836 772 886 807 ut
920 773 1119 821 agantur,
1144 760 1235 805 ulla
1268 776 1377 821 opus
1399 770 1463 805 est
1484 760 1709 805 memoria.

325 839 377 880 D.
399 835 585 880 Videtur
607 835 711 879 mihi
734 835 818 879 hoc
841 849 978 894 genus
1000 834 1090 878 sine
1112 833 1251 878 tribus
1273 832 1438 877 caeteris
1460 847 1550 877 esse
1570 845 1709 892 posse.

325 907 532 960 Quamvis
559 907 676 950 enim
706 921 786 966 pro
809 905 1124 965 temperatione
1146 920 1380 964 corporum
1407 904 1547 949 varios
1579 918 1713 948 vena-

291 1033 295 1036 *
325 994 423 1022 rum
441 977 607 1038 pulsus,
629 987 671 1022 et
692 977 986 1037 respirationis
1008 975 1234 1020 intervalla
1250 976 1341 1020 fieri
1359 991 1449 1021 non
1465 974 1683 1034 ambigam
1701 993 1712 1033 3

324 1059 471 1094 tamen
502 1057 711 1109 operante
752 1048 896 1093 anima
931 1048 1046 1104 fieri,
1078 1061 1234 1105 negare
1263 1047 1360 1108 quis
1400 1045 1591 1091 audeat?
1628 1045 1715 1099 Qui

325 1136 477 1166 cursus
510 1121 589 1165 etsi
621 1136 701 1181 pro
734 1118 983 1165 diversitate
1019 1134 1253 1179 corporum
1291 1117 1383 1162 aliis
1418 1117 1600 1163 celerior
1633 1125 1712 1172 est,

327 1192 419 1237 aliis
446 1191 612 1236 tardior
630 1209 641 1244 ;
665 1192 747 1236 nisi
768 1201 918 1236 tamen
945 1191 1056 1235 adsit
1077 1191 1220 1235 anima
1242 1205 1341 1251 quae
1363 1189 1409 1234 id
1431 1198 1546 1248 agat,
1568 1187 1716 1233 nullus

326 1272 403 1307 est.
421 1266 481 1308 M.
508 1263 744 1309 Considera
767 1263 898 1323 igitur
915 1272 958 1307 et
979 1271 1185 1323 quartum
1210 1275 1369 1319 genus,
1384 1275 1536 1305 eorum
1553 1259 1716 1304 seilicet

325 1351 608 1380 numerorum
649 1336 725 1396 qui
767 1344 868 1379 sunt
905 1335 949 1377 in
986 1333 1195 1377 memoria
1215 1352 1223 1377 2
1264 1348 1366 1376 nam
1403 1332 1437 1376 si
1467 1347 1539 1376 eos
1568 1346 1716 1376 recor—

326 1405 502 1450 datione
531 1405 845 1465 depromimus,
872 1414 915 1449 et
937 1419 1039 1449 eum
1060 1403 1106 1447 in
1129 1402 1231 1447 alias
1255 1403 1536 1460 cogitationes
1558 1400 1718 1446 deferi-

326 1492 441 1532 mur,
458 1477 537 1521 hos
560 1491 732 1520 rursum
755 1475 1044 1536 relinquimus
1064 1473 1247 1519 velutin
1268 1473 1354 1517 suis
1377 1473 1548 1517 secretis
1566 1488 1717 1517 recon-

327 1547 455 1602 ditos,
473 1563 563 1591 non
581 1547 737 1606 opinor
759 1546 983 1590 occultum
1001 1555 1065 1589 est
1079 1561 1150 1589 eos
1169 1560 1258 1589 esse
1279 1559 1403 1603 posse
1425 1544 1513 1587 sine
1532 1544 1713 1588 caeteris.

327 1622 378 1663 D.
405 1621 503 1663 Non
521 1618 677 1662 dubito
699 1633 771 1662 eos
789 1632 878 1661 esse
900 1616 992 1660 sine
1016 1616 1196 1671 caeteris,
1223 1613 1298 1659 sed
1312 1624 1457 1659 tamen
1478 1614 1560 1659 nisi
1581 1613 1717 1658 auditi

327 1689 396 1733 vel
424 1689 601 1748 cogitati
630 1704 719 1732 non
752 1686 1066 1731 mandarentur
1100 1685 1348 1743 memoriae,
1373 1694 1417 1730 et
1450 1683 1549 1730 ideo
1574 1700 1716 1746 quan-

326 1776 459 1820 quam
473 1759 555 1804 illis
572 1759 871 1804 desinentibus
889 1767 1110 1813 maneant,
1127 1756 1281 1802 iisdem
1298 1766 1445 1801 tamen
1463 1756 1716 1817 praeceden-

329 1832 445 1876 tibus
470 1831 797 1891 imprimuntur.

329 1967 398 1982 m}
404 1963 971 1982 mmmmmmwmmm
976 1961 1719 1980 mumoewxmmmmmmmmmmmmm

856 2074 1075 2124 CAPUT
1118 2076 1203 2124 IV.

337 2203 568 2269 Quintum
599 2217 750 2265 genus
772 2214 1079 2246 numerormn
1107 2200 1155 2243 in
1179 2199 1281 2258 ipso
1304 2194 1523 2241 naturali
1530 2192 1719 2257 judicio

390 2272 638 2320 sentiendi.
674 2300 732 2308 —-
764 2272 852 2317 Ex
882 2272 1089 2331 quinque
1135 2269 1378 2314 recensitis
1413 2282 1717 2312 numerorum

388 2344 643 2408 generibus
665 2342 910 2404 quodnam
932 2339 1207 2387 anlecellat.

392 2473 445 2515 V.
471 2473 532 2516 M.
554 2472 651 2516 NoN
674 2469 823 2514 resisto
842 2469 946 2524 tibi,
985 2476 1028 2511 et
1060 2466 1216 2511 vellem
1243 2467 1334 2527 jam
1360 2479 1577 2526 quaerere,
1602 2465 1722 2525 quod

335 2541 513 2588 tandem
526 2542 683 2587 horum
699 2549 888 2601 quatuor
902 2552 1112 2598 generum
1127 2536 1528 2598 praestantissimum
1538 2534 1720 2595 judices:
