1883 3194
516 150 682 182 comm
715 151 978 181 ACADEMICOS
1007 152 1134 181 mm
1164 154 1214 181 11.
1505 141 1561 184 55

160 217 489 264 conclusionem
510 219 588 265 abs
605 229 649 265 te
669 217 819 265 audire
830 216 960 265 volo:
980 227 1156 278 oportet
1176 217 1295 264 enim
1307 218 1425 265 alere
1444 219 1562 267 inci-

160 291 270 351 pias,
294 306 428 353 quem
448 290 636 350 coepisti.
674 289 868 347 Quidni,
909 290 1120 352 inquam,
1148 290 1443 337 concludam?
1464 295 1566 354 Ipsa

163 378 229 408 res
251 361 413 408 clamat
433 361 632 407 similiter
653 360 862 408 ridendos
879 377 971 407 esse
992 361 1280 409 Academicos
1300 371 1418 420 tuos,
1432 364 1569 426 quise

161 433 209 479 in
224 434 314 479 vita
331 433 761 481 verisimilitudinem
777 433 902 497 sequi
924 432 1082 482 dicunt
1092 469 1106 492 ‚
1128 450 1232 481 cum
1246 434 1396 497 ipsum
1409 450 1567 483 verum

162 507 272 570 quid
291 507 370 566 sit,
393 507 614 569 ignorent.

166 667 917 688 MWWWVWUWVWUUUWUBMMMMM

1207 668 1569 688 ΜΜΜΜΜΜΜ

663 803 886 855 CAPUT
930 805 1078 855 VIII.

509 948 927 1001 Academicorum
945 950 1213 1001 cavillatio.

224 1090 325 1139 XX.
362 1092 467 1137 TUM
488 1091 747 1152 Trygetius:
770 1093 922 1152 Longe
941 1091 1078 1150 mihi,
1101 1090 1273 1154 inquit,
1294 1090 1476 1139 videtur
1488 1091 1577 1140 dis-

163 1161 319 1209 similis
350 1162 722 1210 Academicorum
734 1163 882 1211 cautio
895 1163 954 1211 ab
963 1164 1097 1226 hujus
1113 1179 1267 1226 quem,
1286 1164 1573 1227 descripsisti,

163 1234 347 1296 ineptia.
387 1234 460 1282 Illi
492 1236 613 1281 enim
646 1236 895 1282 rationibus
928 1245 1228 1298 assequuntur
1256 1236 1385 1299 quod
1417 1237 1577 1283 dicunt

163 1322 258 1352 esse
278 1305 545 1353 verisimile:
573 1307 655 1352 iste
689 1316 842 1352 autem
868 1307 1046 1369 ineptus
1085 1307 1253 1354 famam
1279 1318 1458 1355 secutus
1479 1319 1572 1368 est,

163 1380 291 1441 cujus
312 1378 577 1425 auctoritate
587 1377 701 1424 nihil
711 1388 777 1426 est
791 1378 939 1426 vilius.
965 1380 1100 1435 Quasi
1115 1397 1239 1440 vero,
1261 1381 1463 1445 inquam,
1483 1398 1577 1429 non

166 1450 361 1511 ineptior
380 1459 495 1496 esset
514 1485 526 1508 ‚
555 1451 593 1497 si
620 1449 810 1499 diceret:
843 1454 1020 1498 Patrem
1060 1452 1244 1515 quidem
1272 1454 1367 1516 ejus
1393 1454 1580 1500 minime

166 1524 270 1570 novi
290 1559 303 1581 ‚
331 1538 413 1570 nec
434 1522 553 1569 fama
574 1524 771 1586 comperi
800 1540 936 1587 quam
958 1525 1015 1571 sit
1035 1525 1188 1573 similis
1210 1526 1372 1588 patris,
1395 1535 1441 1573 et
1467 1527 1578 1572 mihi

170 1605 321 1641 tamen
348 1595 500 1641 similis
519 1595 714 1643 videtur.
745 1597 947 1659 Ineptior
967 1606 1113 1655 certe,
1139 1598 1302 1660 inquit.
1330 1598 1417 1645 Sed
1439 1614 1579 1661 quor-

167 1684 265 1714 sum
285 1669 402 1714 ista?
433 1669 547 1724 Quia
575 1668 709 1726 tales,
732 1669 938 1731 inquam,
964 1678 1084 1726 sunt,
1114 1670 1193 1732 qui
1216 1670 1576 1718 dicuntzVerum

168 1739 354 1801 quidem
376 1756 468 1786 non
494 1740 717 1797 novimus,
742 1740 821 1786 sed
841 1741 927 1787 hoc
955 1739 1079 1803 quod
1111 1738 1313 1787 videmus
1334 1742 1428 1803 ejus
1455 1741 1579 1804 quod

169 1827 261 1857 non
281 1811 488 1858 novimus
509 1811 652 1855 simile
665 1810 1012 1868 est.Prol)abile‚
1036 1811 1200 1872 inquit,
1220 1810 1469 1874 illidicunt.
1490 1814 1579 1861 Cui

169 1897 251 1942 ego
282 1902 291 1929 :
336 1881 573 1936 Quomodo
594 1881 708 1927 istuc
736 1880 877 1927 dicis?
897 1884 969 1927 An
990 1897 1123 1942 negas
1150 1898 1224 1929 eos
1245 1883 1479 1930 verisimile
1505 1883 1579 1931 dj-

169 1955 304 2002 cere?
324 1956 384 2000 Et
402 1953 477 1999 ille
498 1954 648 2016 inquit
667 1972 678 2000 :
703 1956 800 2015 Ego
832 1953 892 2000 ob
924 1955 1012 2000 hoc
1033 1953 1181 2000 dicere
1199 1954 1349 2013 volui,
1372 1965 1425 2002 ut
1455 1956 1581 2004 illam

171 2025 504 2073 similitudinem
544 2024 839 2072 excluderem.
884 2025 1132 2073 Videbatur
1159 2028 1280 2073 enim
1317 2028 1428 2074 mihi
1457 2028 1578 2076 fama

171 2098 372 2160 improbe
394 2099 572 2145 irruisse
593 2099 643 2144 in
661 2099 960 2161 quaestionem
981 2109 1193 2158 vestram,
1219 2116 1322 2146 cum
1331 2100 1584 2149 Academici

172 2187 230 2218 ne
253 2170 392 2218 oculis
414 2171 599 2234 quidem
625 2169 811 2218 credant
834 2171 1066 2231 humanis,
1097 2172 1267 2219 nedum
1302 2173 1434 2220 famae
1457 2173 1582 2221 mille

173 2243 356 2307 quidem
370 2280 383 2302 ,
408 2254 461 2290 ut
488 2247 633 2306 poe'tae
653 2246 846 2307 fingunt,
866 2244 945 2291 sed
959 2247 1216 2292 monstrosis
1236 2255 1387 2293 tamen
1401 2247 1581 2294 lumini-

176 2318 275 2363 bus.
299 2319 412 2364 Nam
433 2318 533 2380 quis
560 2333 643 2379 ego
659 2318 842 2364 tandem
857 2333 956 2364 sum
976 2317 1226 2364 Academiae
1249 2319 1488 2367 defensor?
1509 2323 1580 2367 An

177 2389 223 2433 in
240 2389 483 2450 quaestione
505 2390 586 2436 ista
606 2389 812 2435 invidetis
835 2389 1059 2435 securitati
1075 2392 1216 2437 meae?
1232 2393 1304 2437 En
1320 2391 1458 2437 habes
1479 2391 1585 2451 Aly-

178 2460 303 2521 pium
317 2496 329 2515 ‚
350 2461 475 2521 cujus
497 2460 712 2507 adventus
729 2461 856 2506 nobis
871 2478 1023 2523 quaeso
1038 2462 1166 2509 ferias
1190 2461 1375 2521 dederit,
1392 2480 1526 2526 quem
1538 2473 1582 2510 te

175 2531 445 2593 jamdudum
468 2547 559 2578 non
581 2531 742 2579 frustra
765 2532 1003 2580 formidare
1025 2535 1304 2582 arbitramur.
