1888 3168
264 178 349 217 356
688 187 721 213 s.
757 183 988 214 Aueusnm
1025 185 1208 212 EPJSCOPI

261 358 1651 380 wmwuwwmmmmmmmnmmzmmmmmumummmm

800 526 1022 582 LIBER
1065 525 1144 582 ΙΙ.

481 718 517 750 ΙΝ
541 726 599 754 Quo
624 726 661 750 DE
686 725 834 749 sunnis
857 726 895 748 ET
918 726 1044 748 PEDIBUS
1067 712 1207 748 METRims
1228 723 1428 748 msruTATun.

812 867 1032 918 CAPUT
1062 870 1104 917 Ι.

256 1023 571 1087 Syllabffl'um
607 1026 771 1086 spatia
806 1024 1002 1070 aliunde
1036 1024 1415 1088 grammaticus,
1457 1020 1655 1069 aliunde

722 1096 929 1141 musicus
967 1094 1189 1141 attendit.

319 1247 354 1289 I.
381 1247 589 1288 ATTENDE
622 1244 753 1303 igitur
781 1243 1035 1304 diligenter,
1073 1253 1116 1289 et
1137 1260 1257 1289 nunc
1291 1242 1472 1289 demum
1507 1244 1656 1305 accipe

254 1315 377 1376 quasi
393 1315 579 1360 alterum
598 1324 758 1360 nostrae
780 1314 1085 1375 disputationis
1108 1315 1352 1361 exordium.
1378 1319 1442 1360 Ac
1460 1315 1657 1375 primum

254 1386 495 1447 responde,
520 1395 672 1431 utrum
703 1386 817 1430 bene
850 1385 1054 1432 didiceris
1089 1402 1186 1430 eam
1219 1402 1352 1447 quam
1386 1386 1658 1443 grammatici

255 1457 437 1512 docent,
475 1457 748 1515 syllabarum
785 1457 987 1501 brevium
1020 1456 1341 1517 longarumque
1379 1455 1655 1514 distantiam3

255 1544 311 1573 an
329 1543 433 1574 vero
451 1528 538 1572 sive
552 1528 629 1572 ista
648 1528 780 1583 noris,
800 1528 888 1572 sive
906 1527 1097 1586 ignores,
1114 1526 1238 1571 malis
1253 1537 1304 1572 ut
1320 1528 1378 1572 ita
1392 1542 1654 1588 quaeramus,
1714 1526 1723 1537 ’“

254 1599 379 1661 quasi
402 1599 585 1643 omnino
604 1597 734 1642 rudes
752 1598 911 1642 harum
929 1613 1077 1641 rerum
1089 1597 1244 1654 simus,
1268 1606 1320 1641 ut
1335 1597 1391 1641 ad
1412 1597 1558 1642 omnia
1580 1612 1659 1641 nos

257 1670 368 1716 ratio
389 1669 535 1730 potius
556 1668 790 1730 perducat,
827 1684 963 1729 quam
985 1669 1226 1713 inveterata
1258 1668 1555 1724 consuetudo,
1585 1676 1661 1712 aut

255 1740 541 1803 praejudicata
563 1748 689 1798 cogat
707 1738 968 1784 auctoritas?
986 1741 1037 1783 D,
1066 1742 1131 1783 Ita
1153 1737 1284 1798 plane
1302 1737 1433 1782 malle
1450 1753 1544 1794 me,
1569 1753 1661 1782 non

257 1812 393 1858 modo
413 1811 505 1872 ipsa
522 1811 633 1856 ratio
650 1846 662 1867 ,
691 1810 768 1855 sed
794 1810 977 1855 istarum
1000 1809 1130 1853 etiam
1153 1808 1423 1867 syllabarum
1445 1809 1661 1869 imperitia

257 1887 276 1942 (
287 1882 397 1946 quid
408 1883 524 1928 enim
542 1881 669 1927 fateri
686 1880 918 1926 dubitem?
935 1886 948 1937 )
963 1879 1163 1941 impellit.
1180 1883 1241 1925 M.
1263 1883 1355 1940 Age
1370 1881 1461 1941 jam
1475 1915 1486 1937 ‚
1507 1879 1662 1924 saltem

258 1953 372 2001 illud
393 1955 621 2016 eloquere,
645 1962 794 1997 utrum
826 1961 876 1997 tu
908 1953 999 2013 ipse
1030 1967 1108 2012 per
1136 1962 1180 1997 te
1210 1967 1441 2013 nunquam
1464 1950 1662 1996 animad-

260 2027 440 2073 verteris
462 2027 509 2070 in
525 2025 747 2070 locutione
769 2033 917 2069 nostra
934 2023 1037 2068 alias
1066 2021 1255 2080 syllabas
1277 2023 1435 2082 raptim
1465 2031 1509 2066 et
1529 2023 1661 2067 mini-

262 2113 332 2144 me
346 2097 440 2153 diu,
455 2095 558 2141 alias
580 2105 727 2140 autem
743 2094 999 2156 productius
1014 2103 1058 2139 et
1074 2093 1237 2138 diutius
1254 2092 1470 2137 enuntiari
1483 2094 1501 2136 Ρ
1514 2095 1661 2139 D.Ne-

263 2184 364 2228 gare
391 2184 482 2213 non
503 2182 703 2228 possum,
735 2182 826 2211 non
855 2180 926 2210 me
949 2165 1006 2210 ad
1036 2164 1118 2209 ista
1142 2164 1273 2209 etiam
1298 2163 1481 2209 surdum
1510 2163 1657 2209 fuisse.

263 2243 327 2286 M.
352 2240 488 2301 Atqui
516 2239 620 2284 scias
645 2237 777 2283 velim
807 2246 944 2282 totam
970 2236 1091 2281 illam
1113 2235 1360 2291 scientiam,
1392 2252 1491 2296 quae
1513 2251 1660 2294 gram-

262 2311 420 2356 matica
433 2326 586 2370 graece,
605 2309 739 2353 latine
757 2318 905 2352 autem
922 2307 1165 2352 litteratura
1178 2307 1430 2352 nominatur
1441 2343 1451 2363 ,
1467 2307 1661 2352 historiae
1721 2338 1725 2341 -

263 2381 507 2427 custodiam
524 2379 741 2441 profiteri,
766 2378 837 2424 vel
859 2378 998 2424 solam
1015 2414 1025 2434 ‚
1053 2388 1102 2423 ut
1122 2377 1322 2423 subtilior
1357 2377 1486 2423 docet
1523 2378 1658 2436 rati03

264 2452 336 2498 vel
358 2452 568 2507 maxime,
609 2460 660 2495 ut
687 2451 819 2495 etiam
840 2450 1020 2510 pinguia
1053 2449 1184 2494 corda
1218 2449 1481 2494 concedunt.
1508 2452 1661 2510 Itaque

269 2525 391 2569 verbi
438 2524 572 2584 gratia
621 2538 722 2567 cum
759 2521 916 2566 dixeris
933 2557 943 2576 ,
989 2520 1150 2577 Cano,
1176 2520 1246 2565 vel
1292 2520 1336 2564 in
1380 2537 1507 2576 versu
1548 2520 1659 2565 forte
