1888 3168
649 135 702 160 DE
736 133 889 160 11051611
923 134 1005 160 1111.
1043 134 1099 158 vi.
1493 120 1576 156 513

184 201 447 263 spondiacus
461 236 471 256 ,
499 200 533 245 si
555 216 644 245 non
667 198 1009 260 grammaticam,
1034 198 1110 242 sed
1131 197 1339 241 musicam
1362 195 1578 241 consulas.

185 278 243 319 At
263 289 367 319 vero
389 274 423 318 si
446 271 690 331 dactylicus
713 280 789 316 aut
803 270 1087 330 anapaesticus
1110 270 1178 322 sit,
1205 269 1415 329 quoniam
1437 268 1581 327 longae

185 345 418 389 mixtarum
456 343 658 388 brevium
692 341 1016 402 comparatione
1060 340 1336 395 sentiuntur,
1383 338 1583 400 qualibet

186 431 307 461 mora
320 414 650 476 pronuntietur,
664 422 806 458 servat
820 427 983 458 nomen
998 425 1142 456 suum.
1158 409 1274 463 Quid
1288 409 1587 454 additamenta

185 485 459 547 semipedum
477 502 568 530 non
587 485 740 529 eadem
754 484 850 544 lege
866 485 912 528 in
930 483 1071 543 capite
1094 497 1180 542 qua
1197 482 1240 524 in
1257 481 1342 525 fine
1356 481 1582 536 servanda,

187 574 267 603 1166
281 557 426 602 omnia
441 556 638 617 quamvis
662 556 718 600 ad
734 553 939 600 eumdem
954 552 1154 614 plausum
1175 561 1451 612 coaptentur,
1466 551 1587 595 adhi-

187 628 359 686 benda,
384 627 493 688 quid
525 627 713 672 duarum
747 625 984 687 aliquando
1021 624 1243 679 brevium,
1276 624 1421 683 potius
1451 639 1586 684 quam

186 700 319 745 unius
340 699 483 758 longae
505 699 551 743 in
571 698 658 742 fine
677 697 835 758 positio
849 733 859 753 ,
890 712 1038 742 nonne
1060 695 1153 756 ipso
1176 710 1305 740 sensu
1327 694 1586 739 modifican-

188 773 280 815 tur?
292 774 380 816 Nec
402 771 448 814 in
462 770 527 814 his
547 768 806 830 aequalitatis
822 784 1047 823 numerus,
1068 768 1139 812 cui
1157 766 1267 811 nihil
1285 766 1469 827 deperit,
1496 767 1583 811 sive

188 840 300 886 illud
322 842 426 897 sive,
453 839 573 885 aliud
595 839 664 896 sit,
687 840 763 884 sed
777 838 940 885 ordinis
961 838 1189 883 vinculum
1212 836 1440 898 reperitur.
1465 840 1585 882 Lon-

190 930 293 973 gum
317 923 382 958 est
402 926 657 974 percurrere
680 922 836 956 caetera
860 911 913 956 ad
934 911 1132 955 eamdem
1154 911 1243 954 vim
1265 910 1526 970 pertinentia
1540 909 1587 953 in

189 986 381 1031 numeris
407 995 673 1046 temporum.
715 984 797 1029 Sed
840 999 1000 1044 nempe
1038 984 1165 1027 etiam
1201 982 1363 1027 formas
1396 982 1588 1027 visibiles

189 1073 340 1102 sensus
363 1057 453 1117 ipse
472 1065 743 1117 aspernatur,
766 1065 841 1100 aut
857 1071 1016 1116 pronas
1029 1065 1181 1099 contra
1205 1071 1338 1115 quam
1353 1054 1493 1109 decet,
1514 1064 1590 1099 aut

189 1130 331 1189 capite
363 1127 585 1182 deorsum,
622 1137 665 1171 et·
697 1126 878 1183 similia,
908 1127 954 1171 in
984 1127 1145 1188 quibus
1175 1142 1263 1171 11011
1288 1125 1587 1186 inaequalitas,

193 1209 398 1245 manente
426 1200 616 1260 partium
639 1198 878 1259 parilitate,
905 1198 981 1243 sed
1008 1198 1264 1258 perversitas
1295 1197 1587 1257 improbatur.

189 1276 415 1317 Postremo
439 1272 485 1316 in
515 1271 719 1316 omnibus
743 1269 940 1313 sensibus
964 1278 1006 1312 et
1035 1270 1239 1328 operibus
1270 1269 1448 1323 nostris,
1488 1284 1591 1313 611111

186 1343 360 1388 insolita
388 1343 615 1402 pleraque,
641 1350 685 1385 et
714 1341 771 1384 ob
795 1341 881 1384 1106
909 1339 1171 1400 injocunda,
1199 1339 1465 1400 quibusdam
1491 1356 1590 1399 gra-

188 1413 318 1459 dibus
341 1413 558 1473 appetitui
570 1420 720 1456 nostro
737 1411 1034 1467 conciliamus,
1060 1421 1103 1455 et
1124 1427 1172 1455 ea
1194 1411 1336 1471 primo
1350 1411 1592 1456 tolerabili-

188 1495 270 1542 ter,
297 1484 458 1530 deinde
480 1483 669 1529 libenter
691 1483 951 1543 accipimus,
973 1499 1121 1528 nonne
1144 1482 1298 1528 ordine
1317 1483 1589 1528 conteximus

188 1556 477 1617 voluptatem,
500 1565 543 1600 et
567 1555 648 1599 nisi
659 1555 804 1615 priora
827 1553 981 1599 mediis
1003 1564 1046 1599 et
1068 1553 1212 1599 media
1234 1554 1462 1615 postremis
1479 1571 1589 1600 con-

190 1628 381 1676 corditer
398 1644 508 1673 nexa
532 1627 633 1683 sint,
656 1626 968 1671 abhorremus?

253 1703 460 1746 XLVIII.
497 1698 798 1753 Quamobrem
820 1713 965 1759 neque
987 1697 1033 1741 in
1058 1696 1285 1758 voluptate
1307 1699 1487 1755 carnali,
1513 1715 1594 1745 ne-

191 1787 279 1834 que
297 1772 340 1815 in
359 1770 602 1816 honoribus
625 1779 668 1814 et
689 1768 894 1814 laudibus
922 1769 1176 1826 hominum,
1205 1786 1350 1831 neque
1372 1771 1417 1815 in
1438 1786 1592 1817 eorum

193 1843 520 1904 exploratione,
565 1858 666 1903 quae
703 1840 943 1886 forinsecus
979 1856 1137 1901 corpus
1168 1842 1418 1902 attingunt,
1444 1853 1592 1889 nostra

196 1913 354 1976 gaudia
376 1912 656 1968 collocemus,
678 1912 892 1958 habentes
905 1913 951 1956 in
968 1912 1124 1958 intimo
1139 1916 1296 1969 Deum,
1322 1914 1401 1958 ubi
1423 1924 1593 1959 certum

195 1996 260 2033 est
282 1996 326 2032 et
348 1984 712 2031 incommutabile
734 2000 864 2030 omne
893 1985 1017 2046 quod
1039 2000 1250 2030 amamus.
1280 1989 1345 2030 Ita
1375 1986 1426 2030 fit
1441 2022 1451 2041 ,
1478 1996 1528 2031 ut
1550 1996 1594 2032 et

196 2074 299 2104 cum
324 2056 486 2102 adsunt
508 2058 602 2101 haec
623 2055 896 2117 temporalia,
923 2071 1013 2101 non
1035 2065 1183 2101 tamen
1206 2057 1264 2101 eis
1298 2056 1591 2117 implicemur,

197 2139 242 2175 et
262 2129 354 2174 sine
367 2144 496 2174 sensu
509 2127 672 2173 doloris
688 2143 788 2188 quae
809 2136 934 2172 extra
946 2143 1104 2188 corpus
1126 2138 1245 2184 sunt,
1262 2128 1405 2173 absint
1427 2129 1596 2189 :ipsum

198 2210 346 2246 autern
362 2215 536 2260 corpus,
564 2208 639 2243 aut
659 2198 800 2254 nullo,
826 2207 903 2243 aut
919 2214 1009 2243 non
1033 2199 1152 2258 gravi
1166 2216 1295 2244 sensu
1316 2199 1476 2246 doloris
1498 2201 1595 2246 adie-

199 2283 360 2329 matur,
387 2282 431 2318 et
456 2272 787 2318 reformandum
810 2280 979 2316 naturae
993 2288 1083 2316 suae
1100 2282 1241 2317 morte
1262 2272 1487 2318 reddatur.
1514 2277 1595 2318 At-

202 2346 338 2390 tentio
365 2360 553 2405 namque
578 2344 734 2389 animae
759 2342 813 2387 ad
835 2343 1025 2403 corporis
1043 2353 1213 2404 partem
1240 2344 1435 2404 inquieta
1459 2361 1596 2404 nego—

203 2417 260 2462 tia
281 2415 518 2471 contrahit,
542 2425 585 2460 et
599 2413 833 2460 universali
851 2413 946 2472 lege
969 2414 1164 2474 neglecta
1188 2415 1343 2475 privati
1368 2417 1544 2475 cujusda
1554 2434 1593 2462 m

204 2489 344 2549 operis
370 2504 506 2540 amor,
543 2487 663 2548 quod
691 2488 833 2547 ipsum
872 2496 1015 2530 tamen
1046 2487 1100 2530 ab
1141 2487 1437 2533 universitate.
1461 2504 1593 2549 qnam

397 2571 518 2600 cviii.
1385 2562 1434 2598 :23
