1888 3168
312 191 393 230 428
732 198 765 226 s.
801 196 1033 227 AUGUSTIM
1065 199 1246 227 EPISCOPI

308 268 440 312 modo
462 281 563 325 ergo
585 266 816 310 metiemur
833 266 916 310 hoe
937 267 1151 311 metrum?
1169 268 1219 310 D.
1241 267 1409 312 Nescio.
1427 270 1488 313 M.
1504 268 1694 314 Attende

307 354 410 398 ergo
442 347 593 382 utrum
616 337 729 381 bene
752 346 897 393 sonet,
924 353 1025 382 cum
1048 337 1108 382 ita
1129 338 1367 397 pronuntio
1383 373 1394 394 ‚
1419 348 1470 383 ut
1490 349 1588 399 post
1609 350 1693 385 tres

307 410 465 470 primas
487 408 679 467 syllabas
704 424 843 453 unum
883 417 1054 468 tempus
1076 408 1225 453 sileam
1256 428 1265 454 ε
1301 409 1360 454 ita
1389 410 1506 454 enim
1540 411 1585 454 in
1606 412 1692 456 fine

307 480 416 525 nihil
439 480 699 537 debebitur,
725 490 776 525 ut
796 479 1001 525 decenter
1022 480 1083 525 ibi
1105 481 1239 541 possit
1258 497 1347 528 esse
1375 482 1611 528 dichorius.
1637 486 1689 529 D.

306 556 331 598 J
335 553 625 598 ocundissime
643 562 781 598 sonat.

305 700 658 719 mmmmm&
664 699 1369 720 WUVQMMMMMWUW'WWWUWM
1375 701 1691 720 wmvwswwmm

799 810 1015 862 CAPUT
1053 805 1211 863 X1v¹.

304 947 616 1010 Persequitur
635 949 873 994 rationem
890 945 1363 995 adlzibendisilentia
1381 948 1429 993 in
1441 946 1694 995 metiendis

903 1022 1082 1067 metris.

360 1158 483 1201 XIX.
519 1159 580 1202 M.
613 1158 706 1201 Hoc
733 1172 912 1218 quoque
928 1157 1062 1216 igitur
1083 1156 1374 1218 adjungamus
1396 1157 1503 1214 arti,
1530 1166 1581 1202 ut
1603 1173 1693 1202 non

301 1228 442 1274 solum
476 1229 519 1273 in
541 1230 627 1274 fine
643 1265 654 1285 ,
681 1228 757 1274 sed
779 1239 821 1274 et
853 1239 953 1275 ante
975 1230 1108 1275 finem
1130 1245 1229 1274 eum
1264 1239 1435 1290 oportet
1473 1229 1690 1275 sileamus.

303 1303 425 1345 Tune
462 1310 607 1345 autem
637 1310 831 1361 oportet,
872 1317 974 1346 eum
1006 1301 1052 1345 id
1083 1301 1205 1363 quod
1238 1300 1427 1346 debetur
1462 1301 1694 1361 implendis

300 1373 570 1432 temporibus
593 1372 779 1433 pedum⁷
806 1382 881 1417 aut
902 1371 1156 1417 indecenter
1173 1371 1324 1416 siletur
1338 1372 1384 1416 in
1406 1372 1492 1416 fine
1515 1381 1695 1432 propter

298 1442 499 1487 ultimam
522 1443 697 1488 brevem
714 1479 724 1499 ‚
761 1453 811 1487 ut
848 1444 892 1487 in
914 1443 998 1488 hoc
1028 1442 1150 1503 quod
1171 1442 1340 1488 dietum
1375 1451 1462 1502 est5
1490 1452 1566 1487 aut
1592 1458 1693 1487 eum

299 1512 388 1558 duo
410 1515 739 1561 constituuntur
756 1529 847 1558 non
868 1513 988 1574 pleni
1012 1512 1144 1573 pedes
1163 1548 1173 1569 ‚
1194 1528 1309 1557 unus
1326 1512 1373 1557 in
1395 1512 1559 1573 capite,
1586 1512 1695 1558 alter

300 1584 344 1629 in
368 1585 479 1641 fine,
506 1584 646 1646 qualis
668 1585 747 1629 iste
772 1594 857 1640 est,

423 1666 637 1713 Gentiles
659 1677 846 1713 nostros
866 1669 991 1712 inter
1009 1666 1206 1713 oberrat
1222 1683 1383 1727 equos.

301 1751 477 1796 Sensisti
509 1751 625 1795 enim
641 1787 652 1806 ‚
678 1760 729 1796 ut
750 1751 927 1812 opinor,
959 1765 1030 1795 me
1050 1760 1150 1811 post
1172 1751 1370 1812 quinque
1387 1749 1576 1809 syllabas
1591 1749 1693 1796 lon-

300 1838 371 1881 gas
386 1857 396 1876 ,
433 1837 601 1866 moram
624 1821 815 1866 duorum
846 1831 1096 1882 temporum
1131 1820 1297 1866 siluisse
1313 1857 1324 1877 ‚
1350 1830 1394 1865 et
1415 1820 1691 1866 tantumdem

298 1894 343 1936 in
365 1894 451 1936 fine
480 1892 698 1937 silendum
720 1903 803 1949 est,
829 1893 936 1937 dum
969 1892 1136 1937 reditur
1158 1891 1214 1936 ad
1237 1901 1383 1952 caput.
1408 1892 1451 1936 Si
1474 1892 1590 1936 enim
1608 1893 1692 1937 hoc

298 1972 487 2007 metrum
517 1962 571 2007 ad
600 1963 741 2022 legem
762 1979 834 2008 sex
861 1972 1111 2023 temporum
1140 1962 1353 2018 metiaris,
1389 1963 1471 2008 erit
1500 1962 1580 2007 tibi
1602 1963 1691 2023 pri-

298 2050 394 2078 mus
425 2034 670 2094 spondeUS,
696 2033 912 2079 secundus
933 2033 1167 2090 molossus,
1201 2033 1354 2078 tertius
1382 2033 1688 2090 choriambus,

298 2115 478 2166 quartus
499 2114 757 2166 anapaestus.
782 2106 984 2166 Spondeo
998 2105 1130 2164 igitur
1145 2103 1366 2149 debentur
1379 2103 1469 2149 duo
1494 2114 1690 2165 tempora

298 2185 347 2220 ut
379 2191 451 2220 sex
489 2185 737 2237 temporum
766 2176 923 2236 pedem
952 2174 1154 2236 impleat,
1187 2185 1230 2219 et
1251 2184 1469 2235 anapaesto
1496 2195 1505 2220 ε
1542 2176 1691 2237 itaque

298 2247 386 2292 duo
409 2247 591 2292 silentur
612 2258 710 2308 post
727 2248 965 2294 molossum
991 2256 1091 2293 ante
1112 2247 1269 2302 finem,
1295 2255 1340 2290 et
1359 2246 1448 2292 duo
1465 2257 1564 2308 post
1584 2264 1690 2293 ana-

298 2328 483 2378 paestum
505 2319 550 2363 in
574 2320 675 2363 fine.
704 2319 746 2365 Si
780 2329 927 2364 autem
949 2318 1005 2364 ad
1029 2319 1170 2377 legem
1199 2327 1446 2378 temporum
1469 2328 1685 2380 quatuor,

297 2406 384 2434 una
407 2389 537 2449 longa
555 2390 636 2435 erit
659 2391 702 2434 in
720 2391 860 2451 eapite
876 2427 886 2447 ‚
908 2389 1068 2435 deinde
1093 2390 1201 2435 duos
1219 2389 1426 2434 metimur
1444 2389 1658 2450 spondeos
1673 2426 1685 2446 ,

345 2494 352 2509 ¹
376 2489 411 2520 In
429 2487 589 2520 veteribus
618 2488 708 2521 editis
736 2494 832 2532 caput
860 2488 942 2522 male
968 2487 1079 2531 incipit
1104 2487 1145 2521 ad
1164 2487 1265 2521 verba
1283 2487 1519 2530 praecedentia:
1542 2488 1596 2521 M.
1618 2491 1687 2521 Ac-

300 2542 398 2575 temle
416 2555 500 2586 ergo
516 2569 523 2581 ,
542 2549 607 2586 etc,
