1852 3163
225 176 316 216 208
679 181 712 210 s.
749 181 981 211 AUGUSTIM
1016 182 1198 210 EPISCOPI

224 251 363 311 spatia
379 249 628 305 moderata,
654 249 870 294 intellexit
887 249 996 294 nihil
1022 247 1142 293 aliud
1164 262 1298 310 quam
1321 247 1440 293 illam
1453 248 1624 295 dimen-

223 323 390 368 sionem
419 337 714 382 numerosque
747 321 977 366 dominari.
1012 324 1122 375 Quae
1156 320 1352 365 similiter
1373 320 1624 368 definiendo

224 411 273 439 ac
296 393 564 439 secernendo
604 394 650 437 in
684 392 884 438 ordinem
906 402 1108 449 nectens,
1135 392 1413 452 astrologiam
1446 393 1621 453 genuit,

225 481 435 526 magnum
460 465 670 525 religiosis
693 475 1027 525 argumentum,
1053 474 1416 526 tormentumque
1427 464 1622 510 curiosis.

283 540 447 582 XLIII.
484 540 536 581 Ι11
562 537 629 581 his
662 536 796 596 igitur
828 537 1033 582 omnibus
1072 535 1309 597 disciplinis
1338 536 1628 582 occurrebant

225 609 263 654 ci
286 609 433 655 omnia
453 624 711 665 numerosa,
729 625 828 670 quae
848 608 1057 654 tamenin
1074 607 1157 652 illis
1175 607 1521 653 dimensionibus
1538 624 1628 653 ma-

225 679 424 726 nifestius
448 681 722 737 eminebant,
744 696 852 742 quas
870 681 916 725 in
937 695 981 725 se
1004 680 1098 741 ipsa
1121 678 1358 739 cogitando
1383 689 1516 742 atque
1527 680 1627 726 vol-

225 752 370 798 vendo
387 753 643 797 intuebatur
658 752 923 798 verissimas:
949 752 995 796 in
1013 752 1079 797 his
1097 760 1245 797 autem
1259 768 1359 813 quae
1379 753 1629 797 sentiuntur

225 825 404 869 umbras
422 839 571 868 earum
584 824 730 884 potius
753 833 885 885 atque
897 823 1080 883 vestigia
1102 822 1339 869 recolebat.
1356 824 1437 869 Hic
1457 839 1500 868 se
1511 823 1629 868 111111-

226 905 323 940 tum
345 895 494 952 erexit,
510 895 792 956 multumque
809 895 1114 956 praesumpsit:
1131 911 1233 939 ansa
1256 903 1320 939 est
1336 893 1629 939 immortalem

227 967 417 1012 animam
435 968 738 1028 comprobare.
753 971 785 1012 T
791 967 973 1013 ractavit
994 967 1141 1011 omnia
1164 965 1417 1026 diligenter,
1434 966 1631 1027 percepit

227 1055 404 1098 prorsus
427 1055 471 1083 se
492 1039 734 1100 plurimum
757 1055 906 1099 posse:
933 1048 977 1083 et
999 1036 1219 1099 quidquid
1239 1046 1406 1098 posset,
1438 1038 1631 1082 numeris

227 1125 367 1169 posse.
395 1111 534 1155 Movit
557 1126 652 1155 eam
674 1109 901 1171 quoddam
921 1109 1185 1155 miraculum
1207 1119 1251 1153 et
1271 1108 1480 1169 suspicari
1498 1109 1632 1169 coepit

227 1196 272 1225 se
284 1181 422 1241 ipsam
440 1180 621 1226 fortasse
633 1197 867 1226 numerum
885 1196 975 1226 esse
996 1196 1099 1225 eum
1111 1181 1255 1241 ipsum
1269 1196 1358 1241 quo
1378 1189 1537 1225 cuncta
1552 1196 1633 1223 nu-

228 1262 528 1298 merarentur:
556 1263 632 1298 aut
656 1254 690 1298 si
711 1253 759 1298 id
779 1269 870 1299 non
892 1262 1023 1309 esset,
1048 1252 1110 1297 ibi
1127 1262 1276 1297 tamen
1292 1268 1392 1297 eum
1410 1268 1522 1308 esse,
1543 1267 1633 1313 quo

228 1324 456 1384 pervenire
480 1333 710 1385 satageret.
738 1327 868 1369 Hunc
894 1340 1000 1370 vcro
1031 1324 1134 1368 totis
1154 1324 1320 1368 viribus
1342 1323 1633 1383 comprehen-

229 1394 315 1450 dit,
341 1395 417 1456 qui
441 1396 533 1455 jam
555 1396 770 1440 universae
802 1396 995 1440 veritatis
1026 1394 1159 1439 index
1180 1394 1378 1451 iuturus,
1405 1393 1478 1438 ille
1510 1394 1633 1454 cnjus

228 1467 498 1511 mentionem
509 1465 613 1511 fecit
624 1466 808 1526 Alypius
822 1502 832 1522 ,
850 1482 952 1511 cum
965 1466 1019 1511 de
1032 1466 1305 1511 Academicis
1318 1480 1629 1527 quaereremus,

229 1538 353 1598 quasi
366 1541 546 1582 Proteus
561 1537 607 1581 in
618 1538 820 1582 manibus
834 1547 925 1582 erat
937 1540 966 1581 1.
984 1537 1199 1597 Imagines
1217 1537 1335 1581 enim
1347 1536 1468 1581 falsae
1486 1551 1634 1580 rerum

230 1625 398 1665 earum,
424 1625 532 1671 quas
555 1625 859 1665 numeramus,
883 1610 937 1654 ab
952 1608 1028 1654 illo
1047 1608 1339 1654 occultissimo
1362 1624 1450 1670 quo
1474 1624 1633 1652 nume-

232 1697 376 1727 ramus
404 1681 647 1727 defluentes
667 1717 678 1738 ,
707 1682 752 1725 in
776 1697 867 1726 sese
886 1681 1063 1740 rapiunt
1095 1680 1431 1741 cogitationem,
1456 1689 1500 1725 et
1519 1694 1634 1740 saepe

230 1752 357 1798 illum
375 1769 477 1799 cum
494 1754 586 1815 jam
608 1762 805 1809 tenetur,
832 1751 946 1797 elabi
963 1750 1146 1797 faciunt.

233 1928 633 1948 umwkumvwvuwwwm
637 1929 701 1946 §MA
704 1929 769 1946 ΚΑΜ

972 1926 1171 1944 ννὶΝὶΝΙΑννᾺ
1175 1926 1629 1944 ωννᾺἋΝἋΊΝἋΝΙΜΜΜ

744 2061 961 2113 CAPUT
1006 2063 1139 2111 XVI.

236 2221 518 2284 Dc'scz'plc'noe
542 2220 768 2267 liberales
801 2221 1009 2284 efferunt
1040 2217 1330 2266 intellectam
1361 2216 1433 2264 acl
1450 2216 1628 2266 divina.

296 2364 453 2406 XLIV.
472 2364 636 2416 Qmssus
649 2360 682 2406 si
696 2360 881 2421 quisque
895 2375 986 2405 non
1001 2357 1189 2414 cesserit,
1206 2367 1250 2403 ct
1260 2357 1422 2414 onmia,
1442 2371 1629 2419 quaeper

240 2443 303 2479 tot
324 2433 571 2494 disciplinas
592 2433 679 2478 late
700 2433 905 2494 varieque
927 2432 1088 2477 diffusa
1110 2439 1213 2476 sunt
1226 2465 1237 2487 ,
1254 2429 1309 2475 ad
1331 2445 1470 2474 unum
1488 2427 1631 2490 quod-

287 2550 295 2566 ¹
324 2542 392 2575 Lib.
420 2554 454 2575 111
474 2547 586 2576 contra
603 2542 703 2576 Acad.
724 2553 753 2575 c.
775 2553 807 2584 v,
827 2552 857 2573 n.
886 2553 937 2573 11.
