1888 3168
311 244 393 285 394
753 259 786 285 s.
822 254 1056 286 AUGUSTINI
1088 257 1272 286 Emscorr

309 322 429 366 ribus
446 320 640 366 medium
659 331 737 368 est.
762 322 831 367 Ob
849 338 983 383 quam
1004 337 1178 368 causam
1196 331 1240 368 et
1252 323 1465 370 molossus
1477 359 1488 380 ,
1512 334 1557 371 et
1572 328 1700 372 ambo

308 393 437 438 ionici
471 408 561 438 non
582 393 722 438 solum
751 395 797 439 in
829 393 1036 455 simplum
1075 403 1118 439 et
1155 395 1365 456 duplum,
1386 395 1463 440 sed
1496 397 1625 442 etiam
1656 398 1701 443 in

306 479 452 525 aequas
474 473 616 525 partes
639 480 717 525 per
750 474 870 509 terna
898 474 1097 525 tempora
1118 464 1351 511 feriuntur.
1379 467 1492 511 Hinc
1515 468 1703 512 efficitur

306 543 357 579 ut
375 534 577 595 deinceps
604 536 808 580 omnihus
830 551 902 580 sex
925 545 1176 597 temporum
1197 538 1406 597 pedibus,
1426 553 1577 583 omnes
1598 539 1702 584 toti-

306 606 407 651 dem
441 617 691 667 temporum
728 607 988 667 posteriores
1029 607 1227 669 copulari
1269 618 1458 671 queant,
1496 609 1703 671 Solusque

305 679 585 739 antispastus,
611 679 687 739 qui
709 678 885 723 nullum
905 679 987 724 sibi
1007 679 1114 725 velit
1134 680 1324 737 misceri,
1349 690 1585 726 remaneat.
1612 682 1702 726 Hos

305 760 636 812 consequuntur
664 760 854 812 quatuor
887 751 1075 812 epitriti,
1102 767 1292 813 quorum
1312 753 1480 814 prImus
1510 751 1703 798 admittit

305 822 547 867 secundum
564 858 574 878 ,
607 821 823 866 secundus
856 822 1052 879 nullum,
1076 823 1230 867 tertius
1263 833 1493 885 quartum,
1520 829 1702 885 quartus

304 893 492 938 nullum.
520 896 671 938 Restat
704 893 994 953 dispondeus,
1016 895 1277 953 rhythmum
1298 894 1414 940 solus
1448 895 1580 939 etiam
1611 895 1702 955 ipse

305 965 501 1010 facturus
516 1001 528 1021 ,
558 966 662 1026 quia
686 982 766 1010 nec
789 966 1075 1026 posteriorem
1098 982 1369 1028 quemquam
1407 967 1596 1022 invenit,
1622 982 1703 1011 nec

305 1037 535 1098 aequalem.
564 1041 719 1098 Itaque
740 1039 935 1082 omnium
959 1039 1125 1099 pedum
1147 1055 1306 1084 novem
1326 1049 1451 1094 sunt,
1478 1038 1554 1100 qui
1579 1037 1703 1083 nullo

305 1108 388 1153 alio
417 1109 566 1168 mixto*
587 1109 846 1167 rhythmum
879 1108 1066 1155 faciunt:
1099 1110 1378 1170 pyrrhichius
1394 1146 1404 1166 ,
1424 1109 1671 1154 tribrachus
1689 1144 1699 1153 .

304 1180 713 1241 proceleumaticus,
733 1197 861 1240 paeon
879 1182 1113 1237 secundus,
1130 1198 1258 1242 paeon
1280 1190 1476 1242 quartus,
1493 1181 1704 1242 antispas—

304 1260 395 1307 tus,
428 1251 626 1311 epitritus
659 1250 903 1307 secundus,
929 1261 972 1296 et
994 1261 1199 1313 quartus,
1221 1261 1263 1296 et
1286 1251 1577 1312 dispondeus:
1601 1251 1703 1297 reli-

304 1324 380 1384 qui
404 1340 497 1380 eos,
524 1324 601 1385 qui
623 1340 666 1368 se
688 1323 948 1384 posteriores
979 1334 1103 1378 sunt,
1130 1323 1326 1384 copulari
1348 1323 1428 1368 sibi
1450 1325 1700 1383 patiuntur,

303 1395 361 1439 ita
386 1405 436 1439 ut
459 1395 656 1453 rhythmi
679 1411 843 1440 nomen
860 1394 1111 1450 obtineant,
1137 1395 1302 1438 etiamsi
1326 1394 1550 1453 pauciores
1584 1395 1630 1437 in
1653 1410 1704 1440 ea

305 1468 414 1511 serie
449 1477 751 1512 numerentur.
779 1469 873 1512 Hoc
907 1476 992 1522 est,
1014 1475 1064 1510 ut
1098 1465 1274 1526 opinor,
1306 1464 1406 1509 satis
1429 1480 1453 1509 a
1473 1479 1544 1509 me
1581 1466 1703 1526 quod

303 1538 502 1593 voluisti,
526 1537 791 1598 explicatum
806 1548 937 1599 atque
951 1537 1188 1597 digestum:
1214 1546 1341 1582 tuum
1363 1545 1427 1581 est
1442 1535 1535 1597 jam
1553 1535 1703 1582 videre

304 1608 426 1669 quod
447 1617 593 1653 restat.

305 1776 1519 1794 mmmwwmvammmmmmwmmmm
1523 1776 1698 1793 ΛΝἋΛΛΜΜ

845 1896 1069 1947 CAPUT
1106 1899 1166 1947 V.

484 2044 566 2088 An
589 2045 685 2088 sint
702 2041 850 2104 pedes
881 2058 1031 2102 supra
1054 2040 1275 2103 „syllabas
1298 2032 1531 2101 quatuor]

362 2184 442 2225 XI.
478 2183 538 2225 M.
573 2183 659 2224 hro
689 2195 862 2224 mecum
886 2179 1017 2223 etiam
1046 2189 1200 2223 tuum:
1227 2178 1357 2223 ambo
1387 2178 1501 2222 enim
1536 2179 1700 2239 quceri-

302 2268 414 2297 mus.
447 2251 531 2296 Sed
560 2251 668 2312 quid
692 2250 869 2295 tandem
901 2259 1061 2294 restare
1092 2249 1336 2305 arbitraris,
1362 2249 1483 2310 quod
1505 2249 1561 2294 ad
1588 2250 1699 2308 rhy-

303 2325 475 2368 thmum
504 2323 683 2367 attinet?
705 2325 859 2368 Nonne
885 2321 996 2366 illud
1024 2319 1392 2367 considerandum
1423 2330 1510 2376 est,
1543 2329 1698 2364 utrum

302 2395 444 2455 aliqua
459 2393 673 2438 dimensio
689 2394 811 2453 pedis
824 2430 833 2448 ,
851 2393 1049 2453 quamvis
1062 2402 1160 2438 octo
1179 2401 1375 2452 tempora
1393 2407 1483 2436 non
1501 2391 1694 2447 excedat,

301 2482 400 2526 quae
417 2464 682 2525 dispondeus
697 2464 866 2509 obtinet
882 2500 892 2519 ,
908 2462 1085 2508 excedat
1099 2472 1245 2507 tamen
1258 2477 1491 2507 numerum
1509 2472 1698 2523 quatuor

300 2535 570 2594 syllabrumP
593 2540 643 2581 D.
671 2539 815 2589 Quare
854 2536 1028 2594 quzoeoP
1055 2536 1115 2579 M.
1146 2537 1240 2578 Imo
1263 2542 1334 2588 tu,
1357 2549 1492 2594 quare
1524 2548 1594 2576 mc
1621 2548 1698 2592 po-

302 2609 384 2652 tius
408 2624 540 2668 quam
564 2617 605 2653 te
626 2609 769 2667 ipsum
793 2608 944 2666 rogas?
973 2609 1041 2651 An
1063 2606 1142 2651 tibi
1165 2621 1255 2651 non
1273 2604 1446 2650 videtur
1481 2605 1572 2649 sine
1606 2596 1694 2648 ulla
