1852 3163
212 161 293 200 138
655 173 688 202 s.
725 173 955 205 AUGUSTINI
987 178 1171 207 EPISCOPI

206 252 338 299 quam
360 240 540 297 parum?
563 240 789 301 Quidquid
812 242 942 301 igitur
957 244 1027 288 vel
1039 260 1196 305 parum
1208 246 1279 310 vel
1296 247 1480 294 nimium
1499 260 1563 296 est
1580 287 1591 307 ,

207 309 309 369 quia
327 308 459 354 modo
477 319 573 369 eget
585 347 596 367 ‚
618 311 855 356 obnoxium
874 323 938 358 est
957 316 1148 373 egestati.
1165 318 1323 363 Modus
1336 334 1440 380 ergo
1462 321 1596 366 animi

204 380 414 440 sapientia
437 391 515 426 est.
538 383 712 428 Etenim
730 384 939 444 sapientia
962 388 1175 433 contraria
1196 390 1392 436 stultitiae
1410 408 1500 437 non
1517 407 1597 437 ne-

205 460 331 510 gatur
343 487 354 508 ,
374 462 418 497 et
447 453 628 498 stultitia
645 464 809 514 egestas
823 494 834 513 ‚
860 459 1037 516 egestati
1052 468 1201 504 autem
1217 463 1432 508 contraria
1449 462 1597 525 pleni-

202 522 327 569 tudo.
365 525 582 584 Sapientia
617 526 752 586 igitur
781 528 1028 590 plenitudo.
1056 533 1109 576 In
1139 530 1415 592 plenitudine
1449 544 1599 580 autem

204 595 375 641 modus.
401 596 558 643 Modus
586 598 721 658 igitur
743 602 875 646 animi
909 603 956 648 in
989 603 1202 664 sapientia
1222 614 1302 651 est.
1329 606 1454 664 Unde
1487 607 1600 653 illud

204 667 461 728 praeclarum
493 680 580 728 est,
606 682 650 718 et
671 689 761 721 non
781 675 999 721 immerito
1021 675 1277 724 diffamatur
1295 680 1381 726 hoc
1408 680 1600 741 primum

204 739 250 784 in
271 740 359 786 vita
381 756 472 787 esse
489 742 596 788 utile
615 763 623 789 :

425 829 469 861 Ut
485 839 526 862 ne
545 829 620 872 quid
638 829 733 864 nimis
745 836 770 863 ¹.

432 1023 622 1069 Beatus
653 1032 725 1070 est
755 1025 840 1084 qai
869 1023 1018 1072 habet
1047 1027 1359 1088 sapientiam.

262 1155 475 1199 XXXIII.
511 1156 772 1199 D1xEnAMcs
785 1163 933 1199 autem
948 1154 996 1198 in
1012 1154 1189 1200 exordio
1210 1154 1439 1201 hodiernae
1449 1155 1605 1217 dispu-

204 1226 379 1271 tationis
400 1235 586 1282 nostrae‚
612 1226 735 1286 quod
756 1226 790 1270 si
816 1226 1110 1271 inveniremus
1132 1226 1242 1271 nihil
1265 1225 1496 1271 aliudesse
1519 1227 1609 1272 mi-

205 1299 357 1344 seriam
375 1315 508 1359 quam
527 1307 762 1357 egestatem
774 1333 785 1354 ,
807 1313 908 1342 011111
931 1298 1110 1342 beatum
1138 1314 1228 1343 esse
1244 1298 1484 1344 fateremur
1497 1336 1508 1356 ,
1525 1301 1603 1361 qui

205 1386 295 1416 11011
309 1379 466 1428 egeret.
493 1373 571 1414 Est
594 1379 741 1414 autem
762 1369 1018 1414 inventum:
1040 1385 1143 1429 ergo
1167 1370 1346 1413 beatum
1374 1386 1464 1414 esse
1497 1370 1608 1416 nihil

206 1453 271 1487 est
285 1441 403 1486 aliud
420 1458 552 1502 quam
566 1458 656 1486 non
673 1456 816 1500 egere,
828 1442 911 1485 1100
930 1450 1010 1496 est,
1026 1455 1117 1486 esse
1130 1442 1384 1500 sapientem.
1406 1442 1448 1487 Si
1463 1451 1609 1486 autem

206 1513 401 1575 quaeritis
437 1512 545 1573 quid
567 1513 619 1556 sit
651 1512 861 1572 sapientia
879 1516 1005 1567 (nam
1028 1521 1071 1555 et
1099 1512 1237 1571 ipsam
1258 1512 1368 1556 ratio
1390 1522 1609 1573 quantum

206 1586 252 1629 in
284 1583 514 1645 praesentia
543 1583 713 1643 potuit,
740 1582 899 1628 evolvit
924 1592 1056 1643 atque
1086 1583 1244 1639 eruit.)
1266 1582 1377 1627 nihil
1399 1592 1463 1628 est
1490 1583 1610 1629 aliud

207 1671 341 1718 quam
366 1654 522 1700 modus
545 1655 700 1710 animi,
725 1654 810 1699 1100
843 1663 908 1698 est
933 1669 1022 1715 quo
1048 1669 1139 1699 sese
1174 1653 1345 1699 animus
1372 1652 1529 1711 librat,
1559 1664 1611 1701 ut

207 1743 352 1789 neque
364 1735 565 1772 excurrat
584 1726 630 1770 in
653 1725 858 1782 nimium,
884 1740 1029 1787 neque
1044 1724 1158 1770 infra
1177 1741 1313 1787 quam
1333 1725 1516 1786 plenum
1541 1735 1607 1772 est

207 1809 468 1846 coarctetur.
485 1798 688 1843 Excurrit
708 1808 854 1843 autem
875 1798 920 1842 in
938 1797 1152 1854 luxurias,
1174 1797 1492 1844 dominationes
1504 1834 1515 1856 ‚
1530 1815 1608 1844 su-

206 1872 400 1934 perbias,
419 1880 663 1931 caeteraque
684 1870 730 1914 id
748 1885 883 1928 genus
897 1906 907 1925 ‚
929 1870 1090 1930 quibus
1113 1869 1503 1916 immoderatorum
1523 1871 1608 1915 mi-

208 1958 492 2004 serorumque
523 1943 656 1987 animi
678 1942 756 1987 sibi
781 1941 952 1986 laetitias
976 1952 1107 2003 atque
1128 1943 1344 2003 potentias
1366 1943 1608 2003 comparari

206 2026 378 2077 putant.
414 2017 670 2060 Coarctatur
703 2022 848 2058 autem
865 2014 1088 2069 sordibus⁷
1119 2014 1606 2070 timoribus‚moerore‚

207 2087 446 2148 cupiditate
462 2122 473 2143 ,
499 2095 629 2147 atquc
653 2084 744 2129 aliis
775 2100 1068 2145 quaecumque
1092 2093 1196 2129 sunt
1217 2084 1377 2145 quibus
1401 2084 1601 2129 homines

206 2160 383 2204 miseros
409 2159 537 2203 etiam
571 2157 713 2202 miseri
748 2156 1030 2201 confitentur.
1061 2157 1175 2201 Cum
1209 2171 1314 2200 vero
1344 2155 1605 2215 sapientiam

207 2229 529 2290 contemplatur
560 2229 805 2284 inventam,
831 2243 1044 2289 cumque,
1080 2236 1131 2277 ut
1162 2227 1291 2287 hujus
1320 2228 1444 2287 pueri
1467 2227 1608 2273 verbo

206 2313 328 2358 utar,
346 2301 401 2346 ad
415 2303 549 2362 ipsam
563 2317 606 2345 se
620 2309 739 2347 tenet
755 2336 765 2355 ,
782 2315 862 2344 nec
884 2316 926 2344 50
944 2299 1001 2344 ad
1012 2298 1344 2344 simulacrorum
1365 2298 1604 2356 fallaciamss

208 2390 395 2435 quorum
413 2373 586 2434 pondus
605 2370 826 2431 amplexus
843 2387 866 2415 a
883 2374 973 2416 Deo
987 2386 1066 2415 suo
1089 2368 1242 2415 cadere
1260 2379 1390 2431 atque
1407 2369 1600 2428 demergi

209 2445 337 2501 solet,
359 2444 448 2489 ulla
467 2453 708 2489 commotus
726 2443 936 2487 inanitate
953 2442 1189 2498 convertit,
1210 2440 1322 2488 nihil
1338 2440 1608 2487 immodera-

258 2557 267 2572 ¹
298 2552 429 2584 Terent.
450 2550 483 2583 in
498 2549 597 2584 Andr.
613 2552 678 2582 act.
698 2558 728 2590 1,
743 2558 833 2581 scen.
858 2560 886 2580 1.
