1888 3168
257 130 342 171 446
692 137 725 168 s.
763 136 995 168 AUGUSTINI
1028 138 1210 167 Enscom

254 223 354 253 rum
384 206 683 261 constituitur,
702 204 805 266 quia
834 205 944 250 verti
974 219 1063 250 non
1084 212 1250 265 potest,
1275 218 1424 249 versus
1448 213 1645 251 vocetur.

257 278 343 326 Sed
365 277 619 323 utramlibet
634 278 790 322 harum
813 277 1026 336 originem
1048 274 1252 321 vocabuli
1270 283 1320 320 tu
1341 275 1444 321 licet
1464 277 1621 337 probes
1636 311 1647 333 ‚

255 350 325 397 vel
345 360 578 412 utramque
599 350 842 410 improbes,
869 358 911 394 et
929 347 1058 393 aliam
1081 364 1271 409 quaeras,
1301 358 1376 393 aut
1397 357 1650 393 contemnas

256 439 430 470 mecum
448 432 590 468 totum
615 424 697 467 hoc
720 420 971 483 quaestionis
994 435 1150 479 genus,
1172 419 1282 464 nihil
1299 419 1354 464 ad
1375 420 1459 465 hoc
1482 428 1653 480 tempus

257 496 462 556 pertinet.
489 497 602 541 Cum
627 495 742 539 enim
768 493 869 538 satis
891 508 956 537 res
979 492 1071 553 ipsa
1093 508 1193 553 quae
1216 492 1299 537 hoc
1321 491 1499 537 nomine
1518 491 1653 550 signi-

260 568 441 623 ficatur,
469 574 696 627 appareat,
724 580 814 609 non
843 572 907 608 est
933 563 988 609 dc
1025 563 1145 608 verbi
1172 563 1304 624 stirpe
1327 561 1650 609 laborandum:

258 638 340 684 nisi
365 636 472 700 quid
494 637 626 683 habes
649 635 704 683 ad
732 636 840 681 haec.
868 639 920 682 D.
943 637 1037 694 Ego
1057 650 1161 680 vero
1184 634 1320 692 nihil,
1347 633 1423 681 sed
1444 650 1576 696 perge
1600 632 1657 678 ad

260 719 430 756 caetera.

263 857 493 874 msxmtstxth
498 856 527 872 §A
535 856 600 872 QVE&
605 856 672 872 xoemt
679 856 757 872 ἋΜὶ
761 854 1012 871 νὶὶὶὶνῑὶὶἱῒῖνω
1017 854 1083 870 §Nm
1089 853 1433 870 WVBQWUUEWXSMAMUVQQ
1436 853 1656 869 vuwwwwivvt

774 954 958 1005 CAPU'
982 957 992 969 “
1038 956 1124 1004 Π.

603 1077 857 1122 Terminus
888 1092 1109 1122 versuum
1142 1075 1323 1120 varius.

326 1205 379 1247 V.
402 1205 463 1248 M.
493 1204 714 1256 Suom-nvn
736 1211 786 1247 ut
803 1202 858 1247 de
877 1217 1025 1247 versus
1040 1202 1227 1246 termino
1245 1200 1534 1262 requiramus.
1554 1200 1665 1245 Nam

267 1284 310 1320 et
327 1275 447 1319 hunc
475 1273 620 1336 aliqua
643 1274 894 1319 differentia
917 1284 1120 1319 notatum
1142 1282 1275 1334 atque
1297 1272 1556 1332 insignitum
1577 1285 1667 1315 esse

266 1346 523 1402 voluerunt,
543 1346 614 1392 vel
636 1346 780 1407 potius
798 1347 890 1407 ipsa
906 1346 1029 1391 ratio.
1056 1349 1126 1391 An
1150 1356 1200 1390 tu
1222 1361 1313 1390 non
1337 1343 1554 1389 arbitraris
1573 1358 1667 1387 me-

267 1417 352 1463 lius
373 1433 464 1463 esse
492 1427 543 1462 ut
572 1417 690 1472 finis,
711 1434 799 1478 quo
822 1416 1072 1477 provolutio
1102 1416 1275 1461 numeri
1302 1419 1550 1469 coercetur,
1577 1428 1668 1458 non

269 1488 527 1550 perturbata
550 1497 796 1548 temporum
827 1486 1104 1548 aequalitate,
1129 1496 1277 1531 tamen
1299 1486 1509 1539 emineat,
1535 1498 1669 1545 quam

269 1559 303 1605 si
327 1575 427 1604 eum
449 1568 616 1604 caeterls
638 1558 856 1619 partibus,
874 1573 974 1618 quae
996 1558 1131 1601 finem
1156 1572 1245 1600 non
1268 1556 1458 1611 iaciunt,
1482 1555 1671 1600 confun-

269 1631 424 1676 datur?
441 1634 492 1676 D.
515 1629 620 1683 Quis
643 1628 818 1673 dubitat
839 1629 922 1673 hoc
946 1643 1036 1672 esse
1058 1626 1235 1683 melius,
1260 1625 1382 1687 quod
1406 1635 1468 1670 est
1490 1624 1670 1670 eviden-

271 1702 383 1746 tius?
398 1704 459 1746 M.
486 1699 724 1746 Considera
747 1715 850 1759 ergo
864 1735 875 1754 ‚
895 1708 1047 1743 utrum
1061 1707 1176 1742 recte
1199 1699 1413 1755 insignem
1429 1697 1562 1741 finem
1574 1711 1673 1741 ver-

272 1789 344 1819 sus
365 1773 531 1818 heroici
551 1770 797 1832 spondeum
816 1770 975 1831 pedem
998 1769 1176 1830 quidam
1198 1784 1288 1813 esse
1311 1767 1543 1813 voluerint.
1562 1770 1673 1813 Nam

270 1844 318 1889 in
340 1844 536 1906 quinque
559 1842 651 1887 aliis
677 1842 782 1887 locis
799 1841 869 1886 vel
887 1841 1006 1885 hunc
1022 1839 1093 1886 vel
1115 1839 1341 1898 dactylum
1368 1837 1470 1883 licet
1481 1854 1670 1899 ponere3

269 1916 317 1962 in
349 1918 436 1961 fine
469 1924 615 1960 autem
648 1913 822 1959 nonnisi
844 1913 1112 1974 spondeum3
1135 1928 1236 1957 nam
1276 1910 1398 1973 quod
1431 1912 1674 1974 trochaeum

270 1996 450 2050 putant,
476 1995 655 2047 propter
675 1984 1015 2030 indifferentiam
1030 1984 1081 2029 fit
1101 1982 1269 2028 ultimae
1293 1982 1496 2042 syllabae,
1518 1982 1573 2028 de
1587 1999 1673 2045 qua

272 2060 319 2104 in
341 2058 490 2104 metris
512 2057 611 2102 satis
639 2056 777 2102 locuti
798 2072 964 2102 sumus.
993 2055 1078 2101 Sed
1095 2054 1340 2100 secundum
1360 2054 1440 2099 hos
1462 2054 1674 2099 iambicus

280 2130 475 2176 senarius
508 2139 584 2175 aut
607 2145 694 2174 non
717 2129 796 2174 erit
817 2144 987 2184 versus,
1014 2137 1091 2173 aut
1113 2131 1194 2172 erit
1215 2127 1306 2173 sine
1339 2127 1420 2172 ista
1442 2126 1540 2171 finis
1563 2126 1673 2170 emi-

276 2203 425 2249 nentia
441 2237 452 2259 ,
478 2211 716 2263 utrumque
734 2210 880 2246 autem
904 2199 1144 2245 absurdum
1167 2208 1244 2244 est.
1261 2201 1372 2244 Nam
1394 2213 1538 2259 neque
1554 2198 1674 2259 quis-

275 2290 409 2336 quam
424 2288 620 2335 unquam
633 2308 644 2330 ,
661 2272 748 2317 sive
766 2271 1115 2317 doctissimorum
1131 2269 1362 2315 hominum
1373 2305 1384 2325 ,
1401 2269 1489 2315 sive
1506 2267 1675 2313 medio-

276 2345 420 2400 criter,
431 2343 502 2389 vel
513 2345 642 2389 etiam
656 2343 846 2388 tenuiter
858 2343 1328 2398 e1·u(litorum,versum
1338 2355 1427 2385 esse
1435 2338 1671 2396 dubitavit,

273 2413 517 2462 Pha-selas
540 2413 619 2461 ille
648 2430 788 2476 quem
823 2412 993 2459 videtis
1015 2412 1267 2474 lzospz'te51,
1296 2420 1340 2457 et
1369 2409 1591 2473 quidquid
1620 2410 1667 2455 in

324 2520 332 2538 ¹
352 2513 505 2546 Catullus.
