1888 3168
463 206 583 231 LIBER
620 205 672 230 nn
706 205 752 238 Qi
770 202 977 229 ANTm‘A'rE
1013 202 1120 228 Auni
1136 203 1173 227 it.
1439 188 1516 225 261

133 276 386 320 titucramus
409 272 535 316 aliam
552 271 788 333 quaerimus
811 289 819 315 :
839 270 871 313 si
897 277 1045 313 autem
1070 283 1159 311 nou
1180 266 1310 311 habet
1327 301 1337 321 ,
1360 265 1459 310 volo
1476 273 1525 309 ut

130 347 318 406 idipsum
332 345 437 389 mihi
450 343 525 387 abs
544 353 583 387 te
597 342 934 387 demonstretur.
948 342 982 384 E
992 375 1001 384 .
1014 338 1201 383 Videtur
1214 338 1318 382 mihi
1334 337 1496 381 habere
1514 356 1522 381 ε

130 433 231 461 nam
247 416 322 460 ubi
344 424 387 459 et
409 413 558 473 anguli
570 429 694 474 pares
708 422 751 457 et
764 412 889 456 lineae
902 426 1026 472 pares
1045 418 1168 464 sunt,
1190 409 1266 452 ubi
1285 408 1528 468 deprehen-

130 486 231 532 dam
250 484 592 546 inaequalitatem
615 500 705 530 non
729 483 872 530 video.
896 485 949 527 A.
976 484 1070 542 Ego
1100 478 1220 525 aliud
1241 479 1380 524 sentio
1401 493 1528 524 :uam

130 569 247 604 recta
275 557 411 614 linea,
437 556 578 603 donec
604 557 750 603 veniat
777 555 832 601 ad
854 554 1063 614 augulos,
1084 568 1256 598 summa
1276 549 1529 613 aequalitate

130 629 313 690 praedita
339 638 430 688 est3
455 629 531 674 sed
552 645 654 674 cum
682 645 735 674 cx
768 628 937 673 diverso
966 626 1100 670 latere
1130 624 1213 669 alia
1247 622 1530 684 conjungitur

129 700 266 756 linea,
304 710 348 746 et
375 699 749 761 angulum-facit,
790 714 936 745 nonne
973 713 1120 744 censes
1150 697 1233 742 hoc
1271 696 1414 756 ipsum
1440 708 1531 739 esse

130 771 450 834 inaequale?An
463 773 542 817 tibi
556 773 709 832 figurae
721 788 836 833 pars,
854 787 952 833 quae
966 770 1079 815 linea
1093 767 1329 823 clauditur,
1342 782 1442 812 cum
1456 765 1530 811 illa

129 853 268 905 parte,
289 861 387 906 quse
410 843 572 904 angulo
587 844 881 899 concluditur,
894 858 1135 903 congruere
1156 840 1331 887 videtur
1345 837 1533 900 aequali-

130 925 219 961 tate
232 925 308 960 aut
323 915 640 961 similitudine?
662 920 713 961 E.
731 915 863 962 Nullo
880 914 1014 960 modo
1034 934 1042 961 z
1061 924 1104 959 et
1121 930 1190 959 me
1205 912 1344 974 pudet
1361 909 1534 956 temeri-

130 987 229 1032 tatis
255 1003 364 1032 meae
387 1007 396 1033 2
421 1003 472 1032 eo
501 989 617 1032 enim
640 987 800 1033 ductus
824 1004 944 1044 sum,
978 987 1100 1049 quod
1123 995 1167 1031 et
1199 983 1380 1045 angulos
1406 983 1453 1027 in
1483 997 1533 1026 ea

129 1076 254 1121 pares
289 1061 404 1106 inter
425 1077 470 1106 se
487 1070 531 1106 et
563 1061 698 1106 latera
737 1077 960 1106 cernerem
986 1081 995 1106 2
1021 1058 1098 1106 sed
1126 1059 1223 1121 quis
1263 1073 1354 1102 non
1386 1054 1535 1101 videat

130 1147 282 1177 eorum
295 1132 484 1178 laterum
500 1134 554 1178 ab
569 1134 739 1194 angulis
754 1150 957 1193 magnam
970 1133 1290 1178 differentiam?
1301 1133 1354 1175 A.
1372 1128 1534 1187 Accipe

130 1204 250 1250 aliud
264 1206 571 1268 inaequalitatis
586 1207 907 1268 apertissimum
924 1206 1135 1251 indicium
1155 1225 1163 1251 ε
1181 1213 1297 1250 certe
1315 1202 1432 1247 enim
1445 1215 1537 1245 cer-

130 1277 195 1322 nis
212 1314 223 1334 ,
248 1278 319 1323 vel
342 1277 463 1323 illam
486 1280 672 1338 figuram
694 1279 960 1339 triangulam
977 1278 1159 1339 paribus
1183 1276 1307 1321 lineis
1327 1283 1536 1319 constan-

130 1358 241 1406 tem,
277 1349 346 1395 vel
382 1350 507 1395 istam
531 1351 792 1412 quadratam
814 1351 978 1395 habere
1012 1348 1192 1409 aliquod
1230 1346 1442 1391 medium.
1479 1347 1534 1388 E.

128 1422 273 1465 Cerno
306 1420 451 1480 plane.
485 1425 538 1464 A.
574 1422 713 1476 Quid,
747 1422 802 1464 ab
836 1420 992 1464 eodem
1015 1419 1162 1464 medio
1183 1433 1285 1463 cum
1308 1417 1444 1461 lineas
1482 1414 1539 1460 ad

129 1505 280 1535 omnes
294 1492 447 1550 figurae
460 1500 604 1552 partes
615 1491 818 1536 ducimus
826 1507 1026 1552 pares-ne
1039 1491 1121 1536 tibi
1137 1490 1238 1535 duci
1248 1489 1376 1534 lineae
1388 1487 1540 1534 Viden-

130 1572 224 1618 tur,
247 1577 303 1607 an
325 1562 539 1623 impares?
576 1565 629 1607 E.
657 1565 851 1623 Impares
873 1578 1050 1624 prorsus
1073 1582 1082 1608 2
1109 1578 1212 1606 nam
1228 1560 1445 1619 longiores
1468 1574 1539 1602 eas

130 1697 304 1726 necesse
322 1690 387 1725 est
404 1696 515 1735 esse,
536 1695 645 1741 quas
662 1682 707 1724 in
725 1681 908 1739 angulos
930 1681 1132 1726 ducimus
1198 1652 1313 1766 Α
1351 1651 1481 1769 Ιὲξ

131 1804 184 1846 A.
207 1803 305 1844 Istae
331 1800 377 1844 in
400 1800 614 1861 quadrata
633 1810 743 1862 quot
779 1809 903 1856 sunt,
930 1810 974 1845 et
995 1810 1107 1862 quot
1134 1801 1180 1845 in
1203 1800 1448 1861 triangula?
1481 1803 1534 1846 Ε.

132 1875 333 1927 Quatuor
349 1871 437 1928 hic,
464 1881 549 1916 tres
571 1872 649 1916 ibi.
675 1875 729 1916 A.
748 1871 881 1928 Quid,
900 1871 1094 1917 minimae
1115 1873 1314 1918 omnium
1330 1890 1430 1935 quae
1446 1889 1540 1918 rur-

134 1960 253 2000 sum,
275 1954 319 1988 et
335 1953 445 2005 quot
464 1953 567 1988 sunt
588 1944 633 1988 in
652 1945 791 2004 figura
809 1947 1023 2006 utraque?
1041 1947 1093 1990 E.
1124 1944 1325 1990 Totidem
1338 1982 1348 2001 ,
1376 1945 1540 1991 scilicet

135 2032 197 2061 cae
210 2016 371 2077 quaein
391 2015 536 2060 media
549 2015 685 2060 latera
701 2015 942 2062 ducuntur.
964 2020 1016 2061 A.
1044 2017 1275 2061 Verissime
1293 2017 1402 2062 mihi
1414 2017 1541 2063 vide-

135 2087 192 2132 ris
210 2087 371 2142 dicere,
389 2103 533 2148 neque
546 2087 616 2132 hic
631 2103 741 2148 opus
753 2097 816 2132 est
829 2087 995 2132 diutius
1016 2088 1240 2133 immorari
1255 2109 1266 2146 3
1290 2088 1407 2141 adid
1424 2090 1542 2135 enim

137 2158 260 2219 quod
281 2159 485 2204 volumus
509 2159 609 2203 satis
632 2168 696 2204 est
719 2179 727 2204 :
754 2175 855 2204 nam
881 2169 924 2204 et
942 2176 1147 2220 magnam
1161 2160 1458 2221 aequalitatem
1472 2161 1543 2206 hic

138 2231 313 2285 servari,
329 2239 380 2274 ut
397 2230 575 2290 opinor,
601 2230 721 2275 vides
733 2267 743 2287 ,
769 2240 813 2275 et
830 2240 976 2276 tamen
988 2232 1189 2277 nondum
1211 2249 1264 2278 ex
1282 2234 1401 2278 omni
1421 2243 1543 2294 parte

139 2300 393 2361 perfectam.
427 2305 479 2346 E.
517 2302 708 2347 Omnino
739 2302 867 2348 video
882 2339 892 2358 ,
920 2313 963 2348 et
985 2320 1084 2365 quae
1106 2304 1180 2349 illa
1203 2306 1343 2365 figura
1367 2305 1422 2349 sit
1442 2320 1543 2366 quae

142 2388 355 2417 summam
375 2372 668 2435 aequalitatem
693 2374 853 2419 'habeat
869 2411 879 2430 ,
900 2391 1026 2420 nosse
1044 2377 1326 2422 vehementer
1340 2386 1540 2437 expecto.
