1883 3194
587 183 752 211 coxzrim
786 183 1052 213 ACADEMICOS
1084 186 1207 213 Lnffln
1242 188 1270 212 1.
1581 178 1634 215 29

229 246 415 309 diligens
458 248 683 311 inquisitio
717 250 925 296 veritatis.
963 253 1056 297 Hac
1090 252 1223 312 igitur
1256 252 1347 298 sola
1376 252 1446 298 via
1477 262 1632 310 utens,

223 319 315 380 jam
336 320 417 366 iste
435 320 605 381 sapiens
623 322 704 367 erit
722 341 730 367 ;
755 331 800 367 at
816 337 948 367 nemo
966 323 1136 384 sapiens
1153 324 1310 370 miser:
1332 325 1474 370 omnis
1488 335 1636 370 autem

224 391 359 437 homo
398 401 474 437 aut
500 392 652 450 miser,
690 403 767 439 aut
788 393 966 440 beatus:
993 394 1175 440 beatum
1207 395 1343 455 igitur
1376 394 1507 442 faciet
1543 413 1635 443 non

222 472 398 509 tantum
434 464 654 523 inventio,
679 465 758 512 sed
785 466 876 526 ipsa
899 481 978 527 per
1000 482 1044 511 se
1066 466 1341 527 investigatio
1361 468 1570 513 veritatis.

280 537 380 582 XV.
404 538 517 581 Tum
537 536 612 582 ille
635 536 854 583 arridens:
879 538 1038 583 Merito
1060 538 1193 595 mihi,
1216 539 1386 600 inquit,
1419 539 1500 585 ista
1524 556 1632 586 con-

221 606 425 667 tingunt,
460 608 569 654 dum
607 609 854 656 adversario
888 610 935 655 in
974 626 1021 656 re
1052 626 1144 656 non
1176 612 1416 657 necessaria
1447 611 1636 657 fidenter

221 680 433 726 assentior
452 700 460 726 2
481 681 606 742 quasi
621 697 726 727 vero
749 697 830 742 ego
854 682 935 727 sim
948 697 1137 742 magnus
1155 681 1384 739 definitor,
1406 693 1482 728 aut
1501 684 1635 746 quid-

219 767 354 813 quam
384 752 431 797 in
456 752 725 814 disputando
752 753 893 815 magis
927 768 1302 815 supervacaneum
1330 763 1500 815 putem.
1527 755 1634 810 Quis

221 824 339 868 enim
360 824 521 870 modus
539 824 643 881 erit,
666 826 700 870 51
730 840 810 884 ego
843 842 992 871 rursus
1022 826 1153 872 velim
1189 826 1362 871 definiri
1385 827 1461 872 abs
1491 836 1530 871 te
1552 826 1632 871 ali-

220 895 352 957 quid,
379 905 423 941 et
440 913 589 942 rursus
613 896 812 958 ejusdem
834 897 1102 944 definitionis
1123 898 1276 955 Verba,
1302 908 1345 944 et
1362 914 1635 960 consequen-

222 967 335 1012 tium
362 967 470 1013 item
504 967 759 1028 singillatim
789 969 957 1025 omnia,
990 971 1161 1031 fingens
1184 970 1307 1032 quod
1337 970 1447 1015 nihil.
1467 970 1631 1016 intelli-

221 1055 345 1100 gam,
380 1040 555 1086 definiri
574 1041 801 1101 flagitem?
818 1044 928 1088 Nam
951 1041 1061 1104 quid
1088 1042 1392 1103 planissimum
1415 1058 1506 1088 non
1533 1059 1632 1088 meo

214 1113 316 1173 jure
328 1112 503 1157 definiri
518 1128 671 1172 cogam
684 1149 695 1169 ,
714 1114 748 1159 si
763 1115 863 1175 jure
880 1131 903 1159 a
925 1129 996 1159 me
1014 1114 1238 1175 sapientiae
1256 1114 1456 1160 definitio
1476 1124 1632 1175 postu-

216 1182 365 1229 latur?
396 1185 533 1245 Cujus
569 1185 688 1229 enim
721 1185 846 1230 verbi
883 1186 929 1230 in
964 1187 1120 1231 animis
1171 1186 1328 1231 nostris
1371 1187 1632 1247 apertiorem

216 1256 446 1301 notionem
463 1266 623 1302 natura
643 1273 733 1303 esse
753 1258 920 1314 voluit,
947 1275 1083 1320 quam
1099 1259 1353 1320 sapientiae?
1379 1259 1464 1304 Sed
1485 1260 1632 1305 nescio

215 1329 442 1390 quomodo
458 1345 562 1374 cum
584 1330 744 1373 mentis
771 1339 933 1375 nostrae
956 1330 1094 1375 veluti
1112 1341 1290 1391 portum
1311 1331 1436 1376 notio
1453 1332 1545 1392 ipsa
1562 1348 1633 1377 re-

214 1400 416 1461 liquerit,
438 1410 482 1444 et
500 1400 738 1446 verborum
755 1400 839 1445 sibi
861 1401 984 1463 quasi
1006 1401 1104 1447 vela
1124 1402 1380 1459 tetenderit,
1397 1413 1632 1449 occurrent

215 1472 363 1517 statim
398 1470 723 1517 calumniarum
759 1472 881 1518 mille
919 1472 1166 1534 naufragia.
1209 1474 1514 1529 Quamobrem
1555 1486 1633 1523 aut

215 1543 418 1590 definitio
437 1544 660 1606 sapientiae
678 1560 735 1589 ne
752 1545 1026 1607 requiratur,
1052 1556 1129 1592 aut
1145 1546 1283 1608 judex
1299 1557 1448 1593 noster
1469 1548 1516 1593 in
1537 1550 1630 1611 ejus

213 1616 509 1678 patrocinium
544 1615 754 1676 dignetur
787 1616 1069 1663 descendere.
1110 1621 1223 1663 Tum
1257 1634 1339 1679 ego
1355 1655 1366 1677 ,
1402 1636 1504 1666 cum
1536 1621 1629 1682 jam

214 1688 382 1747 stylum
404 1704 489 1733 nox
505 1688 762 1749 impediret,
788 1699 832 1735 et
854 1690 978 1751 quasi
996 1690 1051 1735 de
1066 1691 1238 1751 integro
1260 1708 1473 1752 magnum
1496 1694 1629 1755 quid-

215 1759 318 1805 dam
337 1759 642 1805 disserendum
663 1758 857 1805 viderem
883 1761 1068 1818 oboriri,
1091 1762 1137 1806 in
1152 1762 1288 1807 alium
1306 1763 1425 1808 diem
1449 1764 1624 1813 distuli2

212 1848 318 1879 nam
329 1831 552 1893 disputare
571 1848 863 1893 coeperamus,
882 1833 971 1878 sole
977 1834 1069 1895 jam
1082 1834 1128 1878 in
1141 1851 1343 1880 occasum
1357 1835 1622 1894 declinante,

213 1905 394 1967 diesque
411 1921 526 1966 pene
548 1914 667 1952 totus
680 1900 851 1951 cumin
876 1907 1008 1951 rebus
1030 1907 1200 1952 rusticis
1223 1907 1500 1966 ordinandis,
1527 1918 1624 1955 tum

213 1977 261 2023 in
285 1977 537 2023 recensione
560 1976 690 2038 primi
710 1976 813 2024 libri
834 1977 1003 2040 Virgilii
1026 1988 1229 2041 peractus
1252 1979 1352 2025 fuit.
