1883 3194
264 188 318 231 64
694 202 728 227 s.
765 190 999 226 AtGiJSTINl
1031 196 1214 226 Eplscom

261 282 350 329 que
372 267 406 312 si
437 263 484 311 id
505 265 738 322 evenisset,
763 274 939 326 paratus
961 280 1081 311 eram
1113 274 1158 311 te
1178 275 1331 323 rogare
1355 272 1406 309 ut
1425 263 1657 310 Academi-

262 353 414 384 corum
426 347 569 399 partes
580 336 639 383 ita
650 336 887 398 susciperes
900 334 1025 398 quasi
1042 336 1123 381 tibi
1134 351 1226 381 non
1238 335 1381 381 solum
1397 335 1655 398 disputasse,

261 410 338 456 sed
359 411 491 455 etiam
513 410 691 456 sensisse
711 408 992 466 viderentur,
1011 424 1166 455 verum
1186 424 1278 454 non
1304 424 1430 470 posse
1463 424 1660 470 compre-

260 481 410 528 hendi.
427 482 650 537 Quaeritur
663 497 767 542 ergo
780 481 894 526 inter
915 496 1016 538 nos,
1034 490 1187 526 utrum
1199 480 1377 526 illorum
1389 481 1660 542 argumentis

259 554 488 616 probabile
509 554 565 600 sit
592 554 704 600 nihil
719 554 884 615 percipi
901 569 1049 615 posse,
1069 568 1119 598 ac
1145 551 1258 598 nulli
1285 552 1351 598 rei
1383 568 1474 599 esse
1507 569 1658 599 assen-

260 626 462 673 tiendum
480 646 490 672 2
510 625 633 688 quod
664 627 701 672 si
734 625 997 682 obtinueris,
1019 624 1174 670 cedam
1209 624 1413 670 libenter.
1444 624 1489 672 Si
1512 634 1660 672 autem

259 697 560 743 demonstrare
581 706 767 759 potuero
787 696 930 743 multo
959 712 1051 742 esse
1073 695 1373 758 probabilius,
1394 705 1438 742 et
1458 712 1584 758 posse
1601 696 1659 743 ad

259 771 489 816 veritatem
506 771 734 832 pervenire
753 770 1023 832 sapientem,
1049 779 1093 815 et
1114 769 1404 815 assensionem
1425 783 1517 816 non
1542 784 1660 815 sem-

260 858 339 904 per
360 859 452 888 esse
473 843 768 889 cohibendam
783 878 794 900 ,
821 841 932 888 nihil
956 840 1162 899 habebis,
1189 850 1241 887 ut
1260 841 1436 903 opinor,
1460 857 1540 887 cur
1568 857 1662 887 non

260 923 304 960 te
341 914 389 960 in
416 930 560 960 meam
581 914 844 961 sententiam
872 913 1056 959 transire
1089 913 1279 974 patiaris.
1305 912 1438 967 Quod
1458 928 1561 959 cum
1593 912 1660 958 illi

259 985 508 1047 placuisset,
523 995 567 1031 et
587 986 753 1032 caeteris
767 985 845 1050 qui
860 983 1069 1042 aderant,
1085 985 1180 1047 jam
1199 999 1379 1047 vespere
1400 983 1657 1032 obumbrati

261 1056 445 1103 domum
466 1058 735 1105 revertimus.

865 1794 1067 1815 l
