1888 3168
753 158 902 185 munic.
1447 148 1531 186 587

155 231 231 262 CAi‘.
256 240 284 259 v.
312 227 441 260 Ilei-cici
458 226 539 258 linis.
634 225 644 233 '
1469 229 1534 260 449

221 297 276 318 vu.
301 282 468 324 Quomodo
484 280 687 324 semipedum
705 280 892 323 imparilitas
905 281 936 313 in
952 291 1100 315 versuum
1117 281 1270 314 membris
1287 281 1326 314 ad
1343 282 1425 324 pari-

333 339 459 372 litatem
472 337 646 370 referatur.
670 354 713 359 —
732 336 951 370 Conciliantur
964 338 1110 370 membra
1123 338 1321 381 semipedum
1339 348 1422 381 qua-

333 401 405 428 tuor
424 399 458 427 et
475 393 583 426 trium.
598 409 639 414 —
650 392 796 425 Membra
813 393 1011 435 semipedum
1027 393 1180 437 quinque,
1197 398 1232 426 et
1244 394 1351 426 trium.
1470 396 1535 425 453

216 464 284 486 vui.
310 451 455 484 Membra
476 443 676 492 semipedum
691 448 831 492 quinque
845 455 877 481 et
890 453 1026 492 septem.
1468 452 1535 482 456

235 520 280 542 lx.
306 507 451 541 Membra
481 505 679 548 semipedum
709 516 766 537 sex
785 510 818 538 et
841 510 978 548 septem.
999 521 1042 529 -·
1058 505 1202 538 Membra
1227 504 1424 547 semipedum

334 568 411 597 octo
429 567 463 595 et
479 566 674 605 septem.—
692 561 836 594 Membra
853 561 1052 605 semipedum
1070 571 1185 594 novem
1205 566 1238 594 et
1259 565 1397 605 septem.
1470 564 1533 594 457

266 632 297 653 x.
319 622 365 653 De
382 619 582 652 senariorum
602 628 750 651 versuum
769 617 962 651 excellentia
983 630 990 650 :
1019 627 1072 651 cos
1090 617 1332 651 decentissimos
1364 628 1428 650 non

338 687 425 717 esse,
445 675 503 708 nisi
521 674 574 707 vel
591 674 717 708 heroici
736 674 799 707 sint
812 675 865 708 vel
878 674 1020 708 iambici.
1475 677 1539 706 459

242 744 286 766 xi.
314 731 437 765 Senarii
453 730 616 775 quomodo
634 730 832 764 commodius
850 730 1005 764 metendi.
1474 731 1539 763 462

229 800 288 822 ιιι.
314 788 437 822 Senarii
455 798 568 822 versus
586 798 643 822 cur
658 787 728 821 aliis
745 787 998 831 praestantiores.
1477 788 1543 820 464

221 857 290 880 xm.
317 845 481 891 Epilogus.
1477 847 1542 878 466

142 1092 190 1129 In
204 1101 281 1138 quo
293 1101 344 1128 ex
357 1089 606 1127 mutabilium
622 1098 879 1127 numerorum
902 1088 943 1125 iu
960 1087 1211 1126 inferioribus
1232 1090 1347 1126 rebus
1368 1088 1544 1126 conside-

187 1150 336 1187 ratione
359 1150 544 1189 evehitur
562 1148 715 1186 animus
738 1149 785 1187 ad
806 1148 1071 1186 immutabiles
1094 1159 1277 1186 numeros
1291 1176 1301 1193 ‚
1320 1147 1388 1196 qui
1406 1148 1447 1186 in
1464 1148 1546 1197 ipsa

187 1213 281 1248 sunt
298 1209 534 1247 immutabili
552 1209 734 1248 veritate.

171 1310 248 1342 CAP.
275 1318 297 1342 1.
324 1307 512 1352 Superiores
528 1306 603 1340 libri
620 1307 735 1350 quibus
751 1306 865 1350 scripti
882 1306 946 1339 sint
955 1330 968 1346 ,
986 1317 1093 1350 quove
1109 1306 1254 1340 consilio.
1482 1310 1547 1341 469

268 1375 300 1397 n.
328 1365 487 1397 Sonorum
510 1362 636 1397 numeri
653 1362 847 1406 quotuplicis
865 1362 1013 1406 generis,
1037 1366 1072 1395 et
1095 1373 1136 1395 an
1154 1362 1305 1406 quodque
1326 1373 1438 1396 corum

344 1431 442 1463 genus
472 1420 540 1453 sine
565 1418 627 1452 alio
651 1430 721 1452 esse
743 1418 1047 1463 possin—Primum
1068 1429 1167 1462 genus
1182 1430 1388 1453 numerorum
1406 1419 1439 1452 in

344 1477 414 1520 ipso
431 1488 521 1510 sono.
533 1477 764 1509 —Secundum
780 1487 876 1518 genus
889 1476 1003 1518 inipso
1014 1486 1108 1508 sensu
1125 1475 1295 1506 audientis.
1485 1477 1547 1508 471

252 1543 301 1566 ιιι.
326 1533 470 1564 Tertium
483 1539 582 1573 genus
598 1539 808 1563 numerorum
818 1529 852 1560 in
864 1530 934 1571 ipso
945 1532 1022 1560 actu
1032 1529 1324 1571 pronuntiantis.——
1336 1531 1437 1570 Quar—

349 1591 418 1619 tum
433 1596 530 1628 genus
547 1595 754 1617 numerorum
770 1584 802 1616 in
820 1584 889 1627 ipsa
904 1583 1072 1617 memoria.
1487 1584 1551 1628 473

256 1654 303 1677 iv.
332 1642 483 1682 Quintum
496 1651 595 1685 genus
608 1651 815 1674 numerorum
836 1641 870 1672 in
888 1640 956 1684 ipso
970 1640 1107 1673 naturali
1121 1640 1244 1683 judicio
1265 1641 1435 1676 sentiendi.

345 1716 388 1721 —
398 1697 445 1731 Ex
462 1698 602 1742 quinque
614 1696 783 1730 recensitis
800 1707 1009 1730 numerorum
1023 1698 1193 1740 generibus
1209 1699 1369 1742 quodnam
1384 1710 1440 1733 an-

346 1754 492 1788 tecellat.
1483 1760 1550 1790 474

268 1823 300 1845 v.
330 1811 448 1845 Anima
465 1822 506 1843 an
524 1822 543 1843 a
557 1821 694 1853 corpore
709 1811 867 1853 patiatur,
887 1814 920 1843 et
937 1811 1098 1854 quomodo
1110 1813 1239 1845 sentiat.
1488 1817 1554 1847 478

275 1881 319 1902 vi.
347 1871 440 1901 Inter
457 1879 576 1911 genera
594 1879 799 1901 numerorum
812 1868 891 1900 ordo
898 1892 911 1907 ,
931 1873 965 1900 et
979 1880 1090 1901 eorum
1107 1870 1246 1903 nomina.
1488 1875 1555 1905 484

258 1937 315 1959 vn.
343 1925 478 1957 Numeri
491 1923 663 1966 judiciales
683 1935 723 1956 an
740 1924 803 1956 sint
820 1924 1027 1957 immortales.
1489 1931 1554 1961 486

248 1993 323 2015 vm.
351 1980 486 2014 Numeri
501 1980 612 2013 caeteri
627 1980 830 2022 judicialium
848 1981 988 2013 examini
1001 1981 1228 2024 subjiciuntur.
1489 1985 1555 2018 489

268 2049 311 2072 lx.
339 2037 479 2072 Numeri
496 2037 548 2069 alii
574 2037 606 2069 in
626 2037 730 2070 anima
741 2037 801 2069 illis
816 2037 1022 2079 judicialibus
1034 2040 1264 2082 praecellentes
1492 2044 1558 2075 493

290 2106 322 2128 x.
349 2093 495 2128 Rationis
514 2093 605 2126 visin
616 2093 849 2137 perspiciendis
869 2105 939 2137 quae
951 2096 992 2127 ad
1008 2096 1165 2130 musicam
1178 2096 1343 2140 pertinent
1355 2123 1365 2141 ‚
1388 2097 1444 2131 ubi

363 2151 442 2184 nihil
460 2151 546 2184 aliud
562 2162 658 2195 quam
679 2151 849 2194 aequalitas
861 2151 1016 2186 delectat.
1491 2159 1557 2190 495

280 2219 324 2242 xi.
352 2208 563 2242 Inferioribus
575 2219 639 2241 non
652 2207 775 2242 offendi
788 2233 799 2251 ‚
816 2208 890 2241 solis
901 2210 1120 2253 superioribus
1136 2212 1276 2245 numeris
1289 2211 1445 2246 delectari

374 2263 540 2298 convenit.
557 2280 601 2287 --
611 2264 804 2307 Βὶῌθτεηῐίᾶ
817 2265 993 2308 phantasiae
1011 2271 1046 2300 et
1062 2267 1307 2311 phantasmatis.
1489 2272 1556 2304 498

272 2334 327 2357 xu.
352 2325 400 2356 De
414 2321 553 2354 numeris
565 2321 784 2365 spiritualibus
802 2327 837 2355 et
853 2324 992 2356 aeternis.
1494 2329 1559 2361 502

259 2392 328 2414 xm.
355 2381 488 2416 Animus
500 2380 585 2414 unde
598 2379 634 2412 fit
646 2385 683 2413 ut
694 2391 713 2413 a
726 2380 866 2414 veritate
882 2381 1139 2417 incommutabili
1157 2390 1332 2419 avertatur.
1494 2388 1559 2420 505

258 2447 328 2472 xiv.
353 2437 404 2473 Ad
427 2436 487 2470 Dei
506 2447 649 2470 amorem
663 2442 862 2480 provocatur
875 2438 980 2474 anima
997 2450 1038 2474 ex
1054 2452 1260 2476 numerorum
1278 2447 1311 2476 et
1328 2443 1447 2477 ordinis

377 2493 503 2528 ratione
520 2504 617 2538 quam
630 2493 663 2528 in
676 2494 774 2529 rebus
793 2494 908 2538 diligit.
1496 2503 1558 2535 β’09
