1888 3168
635 175 688 201 DE
721 171 873 201 MUS1CA
911 173 993 200 Lm.
1031 174 1077 198 11.
1471 160 1550 198 381

164 239 325 283 tionem
343 237 464 283 illam
481 254 583 283 cum
598 239 757 299 plausu
777 248 897 284 tuam
919 257 928 282 ε
950 235 1259 293 Moderatus,
1277 234 1557 292 concedere,

158 308 397 371 percipies
413 347 424 367 ,
465 309 756 373 benignitas,
791 308 918 355 volet
947 309 1102 370 justa,
1146 308 1426 369 civitasque,
1463 308 1560 352 vir—

162 390 300 426 tutes.
342 385 394 427 D.
445 380 593 427 Sentio
633 381 815 443 quidem
856 395 1138 442 nequaquam
1176 379 1380 440 plausum
1428 380 1561 424 istum

161 451 424 508 claudicare,
450 460 494 496 et
510 460 682 496 tantum
704 451 849 498 levare
873 460 1092 513 quantum
1113 465 1305 511 ponere,
1331 450 1408 494 sed
1431 451 1563 494 vehe-

162 533 335 568 menter
356 521 549 568 admiror
571 522 799 583 quomodo
822 538 873 568 eo
886 521 1058 583 percuti
1079 521 1306 582 potuerint
1326 520 1391 564 illi
1409 520 1559 581 pedes,

162 610 354 656 quorum
371 593 524 639 divisio
546 593 692 655 simpli
709 603 752 639 et
769 594 895 655 dupli
915 594 1084 639 ratione
1102 601 1289 648 constat,
1315 592 1441 637 sicuti
1461 600 1565 636 sunt

163 666 296 711 ambo
312 666 445 711 ionici
465 675 509 710 et
528 665 756 711 molossus.
783 670 845 712 M.
873 666 990 720 Quid
1009 666 1081 711 hic
1098 665 1192 710 fieri
1206 674 1354 709 tamen
1377 664 1565 708 arbitra-

163 737 236 793 ris,
262 753 366 782 cum
382 737 430 781 in
450 738 518 782 his
538 738 621 783 tria
643 738 848 783 leventur
862 748 1077 799 tempora,
1103 736 1379 798 totidemque
1391 752 1565 797 ponan-

163 811 265 854 tur?
299 812 351 854 D.
378 808 500 855 Nihil
522 809 643 855 aliud
664 810 736 855 hic
757 827 934 871 prorsus
955 809 1084 855 video
1110 825 1245 872 quam
1269 824 1365 853 eam
1386 807 1566 867 longam

164 880 394 939 syllabam,
421 897 522 943 quae
545 881 592 925 in
608 881 753 928 ionico
772 899 795 927 a
812 884 991 944 majore,
1013 892 1057 927 et
1078 883 1124 927 in
1146 880 1337 927 molosso
1356 879 1564 935 secunda,

165 951 212 996 in
235 952 381 997 ionico
405 962 553 997 autem
578 969 601 997 a
632 954 803 999 minore
825 955 951 1000 tertia
984 964 1071 1010 est,
1096 953 1255 1014 plausu
1283 953 1377 1013 ipso
1400 949 1565 1006 dividi,

165 1032 218 1068 ut
253 1025 463 1086 quoniam
492 1023 582 1070 duo
617 1025 752 1070 habet
787 1035 985 1087 tempora
1000 1062 1011 1082 ,
1045 1041 1186 1070 unum
1221 1023 1325 1069 inde
1359 1022 1570 1084 superiori

166 1096 296 1155 parti,
317 1095 503 1140 alterum
525 1097 758 1157 posteriori
786 1096 1109 1159 tribuat,atque
1136 1098 1197 1142 ita
1223 1106 1348 1142 terna
1370 1105 1569 1156 tempora

165 1165 324 1212 levatio
351 1168 601 1229 positioque
623 1169 877 1215 sortiantur.
1259 1228 1262 1231 ,

227 1240 368 1283 XXV.
400 1242 462 1285 M.
487 1239 608 1285 Nihil
624 1241 698 1286 hic
720 1241 902 1287 omnino
928 1240 1050 1286 aliud
1071 1241 1158 1286 dici
1181 1250 1257 1285 aut
1278 1239 1464 1297 intelligi
1487 1254 1570 1298 po-

167 1317 265 1356 test.
291 1309 377 1356 Sed
399 1327 478 1355 cur
505 1327 596 1357 non
619 1312 751 1357 etiam
773 1312 848 1357 ille
871 1313 1228 1373 amphibrachus,
1257 1325 1391 1370 quem
1414 1309 1469 1353 ab
1491 1309 1572 1354 ista

167 1382 481 1428 numerositate
515 1383 691 1444 penitus
731 1384 1038 1441 ejiciebamus,
1068 1381 1150 1424 hac
1179 1380 1436 1425 conditione
1464 1381 1571 1425 mis-

167 1463 320 1499 ceatur
343 1454 563 1512 spondeo,
595 1450 797 1509 dactylo,
839 1461 884 1496 et
911 1462 1156 1512 anapaesto,
1193 1452 1265 1497 vel
1294 1468 1372 1513 per
1403 1468 1447 1497 se
1480 1453 1572 1513 ipse

167 1539 455 1570 numerosum
480 1522 647 1585 aliquid
663 1523 710 1568 in
726 1523 894 1568 musica
908 1524 1191 1568 continuatus
1215 1525 1402 1569 efficiat?
1425 1528 1574 1569 Potest

168 1595 286 1640 enim
304 1593 434 1640 simili
458 1594 626 1639 ratione
648 1593 794 1639 media
814 1610 993 1656 quoque
1010 1595 1133 1655 pedis
1152 1596 1189 1656 ej
1197 1611 1244 1639 us
1263 1594 1446 1653 syllaba,
1473 1611 1574 1655 quse

168 1666 302 1726 longa
322 1674 401 1721 est,
427 1665 586 1725 plausu
609 1664 761 1721 dividi,
781 1675 833 1710 ut
854 1681 957 1710 cum
979 1665 1151 1725 singula
1176 1675 1376 1726 tempora
1391 1665 1574 1726 singulis

169 1737 381 1782 lateribus
406 1736 598 1792 dederit,
624 1752 715 1781 non
731 1737 822 1797 jam
846 1752 986 1781 unum
1009 1746 1052 1781 et
1088 1737 1192 1793 tria,
1220 1737 1297 1781 sed
1325 1738 1428 1781 bina
1463 1747 1576 1782 tem-

170 1825 278 1870 pora
303 1808 466 1854 levatio
492 1808 742 1869 positioque
769 1807 851 1852 sibi
873 1808 1117 1864 vindicent,
1143 1808 1226 1852 nisi
1248 1808 1382 1853 habes
1407 1807 1575 1870 aliquid

171 1880 295 1942 quod
316 1879 500 1925 resistat.
526 1883 578 1925 D.
605 1879 724 1926 Nihil
742 1895 845 1925 sane
868 1880 1011 1924 habeo
1029 1878 1150 1941 quod
1174 1880 1335 1936 dicam,
1356 1880 1438 1924 nisi
1454 1880 1576 1925 hunc

171 1953 304 1997 etiam
337 1966 428 1995 esse
463 1949 801 1995 admittendum.
846 1954 907 1996 M.
957 1950 1143 2012 Aliquid
1176 1967 1280 2011 ergo
1313 1950 1576 2012 plaudamus

172 2033 491 2087 quaternorum
516 2033 768 2084 temporum
795 2023 984 2084 pedibus
1018 2023 1272 2068 ordinatum
1306 2034 1439 2085 atque
1470 2040 1578 2069 con—

174 2104 370 2151 textum3
393 2092 555 2154 quibus
578 2092 659 2137 iste
683 2095 944 2139 commixtus
959 2095 1028 2151 sit,
1055 2104 1098 2140 et
1119 2094 1274 2140 eodem
1297 2094 1430 2140 modo
1448 2111 1577 2140 sensu

174 2166 468 2228 exploremus,
486 2173 638 2209 utrum
649 2164 761 2209 nihil
777 2164 976 2225 imparile
987 2167 1202 2213 offendat.
1220 2172 1278 2213 Et
1291 2167 1390 2213 ideo
1399 2168 1577 2213 attende

175 2238 222 2284 in
232 2238 352 2283 hunc
366 2252 600 2282 numerum
613 2245 792 2298 propter
798 2235 1030 2299 judicandi
1040 2237 1295 2284 facilitatem
1307 2256 1409 2285 cum
1421 2239 1579 2300 plausu

176 2310 306 2356 tertio
329 2309 579 2371 repetitum.
611 2307 650 2355 S
653 2323 792 2353 umas
814 2308 998 2367 optima
1013 2345 1028 2365 ,
1037 2308 1217 2372 facias
1238 2308 1456 2356 honesta.
1483 2312 1577 2359 Su·-

178 2399 285 2429 mas
307 2383 508 2442 optima,
519 2381 699 2445 facias
721 2379 941 2426 honesta.
963 2380 1142 2428 Sumus
1165 2383 1367 2443 optima,
1397 2439 1404 2447 Ι
1406 2383 1578 2447 facias

180 2453 399 2501 honesta.
429 2457 482 2500 D.
515 2455 703 2517 Jamjam
736 2454 918 2499 obsecro
951 2469 1080 2514 parce
1115 2455 1292 2500 auribus
1313 2457 1421 2501 meis
1445 2472 1579 2502 :nam

181 2528 311 2573 etiam
330 2526 488 2588 plausu
509 2542 599 2573 non
622 2526 816 2583 admoto,
842 2527 933 2587 ipse
955 2541 1033 2587 per
1054 2542 1098 2572 se
1117 2527 1276 2574 horum
1296 2527 1458 2589 pedum
1477 2545 1579 2575 cur-
