1883 3194
492 216 656 247 CONTRA
689 214 952 247 AcADEmcos
985 219 1111 247 Lmen
1143 220 1192 247 ιι.
1483 207 1543 250 49

133 282 254 340 nari,
277 280 566 329 coniecerunt
579 284 855 330 callidissime
870 320 881 342 ‚
901 293 953 330 ut
975 284 1010 330 si
1031 284 1143 330 nihil
1170 285 1336 346 percipi
1357 295 1507 347 posset
1524 320 1537 342 ‚

135 361 182 398 et
203 363 314 400 esset
327 354 523 417 opinatio
540 356 790 418 turpissima
807 392 818 414 ,
843 355 956 401 nihil
977 372 1174 418 unquam
1194 356 1363 418 sapiens
1383 373 1548 420 appro-

135 423 277 471 baret.
1534 469 1536 473 .

194 500 300 543 ΧΠ.
326 497 441 545 Hinc
463 499 523 544 eis
559 498 722 545 invidia
743 514 903 559 magna
938 499 1131 546 conflata
1170 509 1236 545 est
1256 518 1266 546 ε
1306 499 1544 547 videbatur

135 569 253 631 enim
275 585 366 616 esse
388 586 684 634 consequens,
707 581 760 617 ut
779 571 892 617 nihil
904 582 1076 633 ageret,
1101 576 1179 635 qui
1195 572 1308 618 nihil
1321 574 1545 634 approba-

135 650 208 686 tur
227 641 347 687 enim
366 658 456 688 esse
479 659 752 706 consequens
767 679 778 701 ,
804 653 856 689 ut
886 643 998 689 nihil
1020 654 1195 705 ageret,
1220 645 1298 707 qui
1325 645 1439 690 nihil
1462 662 1543 708 ap-

133 715 357 777 probaret.
373 717 501 762 Unde
513 716 807 763 dormientem
819 733 1006 779 semper,
1025 727 1070 763 et
1082 719 1332 764 officiorum
1345 719 1546 764 omnium

135 787 427 847 desertorem,
451 790 694 850 sapientem
711 806 843 835 suum
865 789 1120 836 Academici
1145 790 1393 838 describere
1420 790 1548 836 vide-

135 861 320 918 bantur,
347 876 481 924 quem
496 862 609 907 nihil
625 862 871 923 approbare
888 863 1143 909 censebant.
1164 864 1248 909 Hic
1269 862 1335 908 illi
1357 863 1545 926 inducto

136 933 332 995 quodam
363 934 609 996 probabili,
636 934 760 996 quod
797 935 930 980 etiam
962 934 1196 981 verisimile
1224 936 1547 995 nominabant,

135 1006 261 1052 nullo
282 1007 417 1053 modo
433 1023 599 1054 cessare
620 1008 864 1069 sapientem
881 1008 937 1053 ab
961 1008 1115 1054 officiis
1138 1009 1392 1054 asserebant
1405 1046 1416 1066 ,
1443 1026 1549 1056 cum

135 1078 322 1125 haberet
342 1079 453 1141 quid
474 1089 747 1142 sequeretur.
775 1081 947 1126 Veritas
970 1090 1120 1126 autem
1143 1082 1231 1127 sive
1258 1091 1441 1143 propter
1469 1099 1550 1128 na-

135 1161 248 1198 turae
262 1152 467 1198 tenebras
479 1152 709 1215 quasdam,
724 1153 814 1198 sive
827 1163 1010 1215 propter
1029 1152 1366 1199 similitudinem
1380 1169 1546 1211 rerum,

131 1223 203 1270 vel
224 1224 385 1270 obruta
400 1259 411 1277 ,
435 1223 508 1270 vel
521 1223 705 1270 confusa
719 1224 930 1270 latitaret.
952 1225 1162 1278 Quamvis
1180 1234 1224 1269 et
1244 1225 1385 1285 ipsam
1403 1225 1546 1271 refre-

130 1296 356 1342 nationem
370 1305 414 1342 et
427 1297 551 1355 quasi
563 1296 898 1354 suspensionem
913 1294 1171 1339 assensionis
1187 1310 1397 1355 magnam
1419 1313 1549 1358 pror-

131 1383 204 1414 sus
226 1367 445 1413 actionem
464 1366 670 1427 sapientis
683 1380 773 1411 esse
791 1365 1015 1411 dicebant.
1043 1365 1208 1412 Videor
1227 1368 1335 1413 mihi
1352 1369 1547 1416 breviter

132 1448 276 1485 totum
293 1475 305 1496 ,
327 1447 380 1483 ut
399 1436 607 1495 voluisti,
629 1437 900 1499 exposuisse,
915 1436 1119 1499 nihilque
1136 1440 1360 1484 recessisse
1383 1456 1407 1485 a
1428 1457 1548 1502 prac-

131 1509 396 1571 scriptione,
421 1507 581 1570 Alypi,
607 1518 708 1567 tua,
751 1508 800 1554 id
827 1518 893 1554 est
925 1509 1088 1569 egisse,
1129 1518 1181 1555 ut
1210 1509 1394 1568 dicitur,
1429 1513 1551 1560 bona

131 1581 236 1628 fide.
265 1582 308 1628 Si
325 1582 445 1627 enim
460 1580 630 1643 aliquid
649 1580 721 1627 vel
737 1596 831 1626 non
852 1581 914 1626 ita
936 1589 988 1625 ut
1009 1590 1075 1626 est
1092 1579 1205 1637 dixi,
1229 1581 1303 1627 vel
1321 1581 1437 1628 forte
1454 1600 1549 1630 non

132 1651 246 1710 dixi,
264 1652 376 1698 nihil
396 1651 627 1699 voluntate
647 1668 672 1698 a
688 1667 760 1697 me
777 1651 945 1698 factum
962 1660 1042 1697 est.
1063 1654 1188 1697 Bona
1205 1667 1308 1712 ergo
1331 1653 1441 1699 fides
1465 1665 1546 1714 est,

132 1739 187 1770 ex
208 1724 344 1769 animi
369 1724 605 1770 sententia.
633 1723 816 1769 Homini
839 1723 959 1768 enim
980 1722 1116 1769 homo
1135 1722 1274 1768 falsus
1287 1723 1517 1772 docendus
1533 1762 1546 1784 ,

132 1795 268 1842 fallax
288 1795 512 1843 cavendus
533 1795 669 1841 debet
689 1794 830 1841 videri
856 1814 866 1841 :
897 1810 1089 1854 quorum
1123 1795 1246 1853 prius
1287 1795 1551 1855 magistrum

132 1867 305 1915 bonum
320 1901 333 1925 ,
357 1867 574 1929 posterius
605 1864 873 1927 discipulum
896 1873 1079 1910 cautum
1099 1864 1336 1912 desiderat.

173 1934 322 1986 XIII.
354 1942 470 1985 Tum
490 1937 678 2000 Alypius
714 1939 957 1994 :Gratum‚
992 1937 1139 1999 inquit
1154 1973 1166 1995 ,
1186 1938 1355 1997 habeo,
1380 1956 1484 1989 cum
1504 1954 1552 1992 et

135 2012 334 2060 Licentio
346 2028 372 2058 a
383 2021 426 2058 te
437 2010 709 2058 satisfactum
719 2019 801 2068 est,
820 2020 865 2057 et
875 2026 948 2056 me
961 2026 1095 2056 onere
1107 2011 1312 2073 imposito
1323 2014 1547 2063 relevasti.

133 2087 235 2132 Non
256 2084 375 2130 enim
391 2083 528 2144 magis
544 2083 627 2129 tibi
647 2081 894 2129 verendum
916 2092 1036 2140 erat,
1061 2098 1119 2128 ne
1140 2083 1252 2145 quid
1283 2085 1544 2147 explorandi

134 2157 222 2203 mei
242 2173 374 2203 causa
397 2156 546 2202 minus
567 2172 592 2202 a
613 2165 658 2201 te
679 2155 938 2215 diceretur(
955 2170 1060 2201 nam
1082 2155 1169 2201 alio
1198 2157 1335 2203 modo
1351 2160 1431 2220 qui
1448 2161 1545 2206 fieri

136 2231 369 2291 poteratP)
390 2244 527 2291 quam
549 2227 683 2285 mihi,
708 2227 744 2273 si
764 2227 813 2272 in
844 2243 1071 2289 quoquam
1094 2236 1139 2273 te
1170 2227 1359 2290 prodere
1393 2230 1550 2278 fuisset

137 2316 327 2347 necesse.
354 2303 501 2355 Quare
518 2299 649 2357 faxis,
674 2308 726 2345 ut
741 2297 857 2344 illud
877 2299 1001 2361 quod
1022 2299 1171 2356 deest,
1207 2316 1302 2347 non
1329 2310 1422 2347 tam
1442 2319 1550 2365 per-

137 2372 404 2430 contationi,
430 2387 567 2434 quam
581 2372 664 2433 ipsi
685 2371 967 2433 percontanti
984 2370 1040 2415 de
1062 2369 1311 2418 differentia
1338 2389 1467 2420 novae
1498 2392 1551 2423 ac

137 2444 568 2501 veterisAcademiae,
584 2460 641 2489 ne
654 2454 698 2490 te
711 2445 860 2506 pigeat
876 2459 1109 2506 exponere.
1132 2447 1330 2503 Prorsus,
1342 2446 1547 2509 inquam,

139 2516 297 2573 fateor,
320 2516 456 2578 piget.
473 2519 618 2571 Quare
639 2516 907 2561 beneficium
924 2515 1096 2561 dederis
1113 2518 1247 2575 (nam
1265 2527 1309 2562 et
1322 2518 1406 2565 hoc
1424 2523 1550 2582 quod

139 2603 456 2634 commemoras
470 2623 482 2646 ,
508 2587 563 2634 ad
586 2603 679 2633 rem
699 2587 888 2633 maxime
909 2587 1130 2650 pertinere
1151 2603 1314 2649 negare
1335 2606 1426 2636 non
1448 2608 1549 2653 pos-

359 2671 486 2703 cvm.
1309 2661 1336 2702 ἰε-
