1888 3168
590 189 645 217 DE
677 186 831 216 MtsmA
865 190 948 217 nn.
984 191 1044 216 iv.
1436 176 1517 220 435

130 268 230 315 quae
251 253 501 300 voluntaria
523 252 694 299 silentia
723 253 1058 309 nominavimus,
1084 252 1187 297 licet
1207 253 1338 297 etiam
1363 252 1520 314 pedem

130 342 300 383 sonare,
326 336 369 372 et
390 325 549 387 pedem
571 326 695 371 silere
713 345 721 372 :
748 324 870 387 quod
891 326 925 370 si
947 326 1124 386 paribus
1145 325 1381 371 intervallis
1403 326 1522 372 fece*

132 398 288 455 rimus,
313 414 404 443 non
425 398 507 443 erit
534 407 740 454 metrum,
768 396 844 442 sed
873 397 1128 455 rhythmus,
1150 396 1273 441 nullo
1295 407 1414 442 certo
1436 398 1524 442 fine

133 479 372 531 apparente
388 469 507 514 unde
520 468 724 514 redeatur
741 468 795 513 ad
814 477 959 529 caput.
979 468 1276 521 Quamobrem
1290 467 1324 511 si
1339 468 1527 528 exempli

134 542 270 600 gratia
292 540 471 586 silentiis
492 539 599 584 velis
628 540 909 598 distinguere,
934 549 982 584 ut
1012 548 1111 599 post
1143 540 1334 599 primum
1368 539 1527 599 pedem

134 612 308 657 alterius
338 610 461 672 pedis
485 620 683 671 tempora
712 610 858 667 sileas,
884 626 975 656 non
997 611 1081 656 hoc
1107 620 1320 671 perpetuo
1353 627 1529 656 servan-

133 682 240 730 dum
261 692 339 730 est.
366 682 489 728 Licet
510 691 656 727 autem
674 682 884 727 varietate
907 681 1103 743 qualibet
1125 682 1448 727 connumeratis
1470 682 1529 727 si-

132 755 278 801 lentiis
309 770 449 816 usque
481 753 537 799 ad
569 753 761 813 legitima
796 763 993 814 tempora
1025 764 1217 799 metrum
1257 753 1526 814 producere,
1553 746 1560 756 “

133 825 256 872 velut
277 826 324 871 in
341 827 442 882 hoc,
460 823 620 872 Nobis
636 841 799 870 verum
822 826 869 869 in
888 836 1118 887 promptu
1140 835 1224 882 est,
1244 835 1293 870 m
1310 827 1531 871 siveram

134 896 270 943 (licis.
297 898 419 943 Licet
434 898 505 942 hic
523 906 621 957 post
642 897 833 957 primum
856 897 1103 957 spondeum
1124 907 1315 958 quatuor
1334 907 1531 958 tempora

134 969 275 1026 silere,
291 979 335 1014 et
349 969 431 1015 alia
448 978 636 1031 quatuor
650 978 748 1029 post
764 978 997 1030 sequentes
1016 969 1146 1014 duos:
1168 979 1266 1029 post
1284 979 1367 1014 tres
1385 979 1533 1015 autem

134 1040 285 1086 finales
316 1040 426 1085 nihil
456 1039 687 1099 silebitur3
713 1041 804 1100 jam
845 1040 962 1084 enim
995 1040 1173 1099 triginta
1208 1040 1298 1086 duo
1336 1051 1534 1102 tempora

135 1112 367 1157 terminata
398 1121 514 1156 sunt.
545 1111 630 1156 Sed
663 1110 803 1156 multo
838 1121 903 1156 est
933 1111 1090 1172 aptius,
1112 1122 1156 1156 et
1177 1112 1372 1173 quodam
1401 1112 1534 1158 modo

132 1184 290 1245 justius
307 1220 317 1240 ‚
343 1193 392 1228 ut
413 1183 483 1229 vel
505 1183 549 1227 in
572 1183 658 1227 fine
680 1192 874 1239 tantum,
900 1182 965 1228 vel
990 1184 1122 1228 etiam
1144 1185 1189 1228 in
1213 1184 1358 1229 medio
1382 1194 1425 1229 et
1446 1185 1533 1230 fine

137 1255 342 1301 sileatur:
369 1254 490 1316 quod
513 1255 737 1300 subtracto
752 1272 842 1300 uno
861 1255 971 1315 pede
989 1256 1081 1299 fieri
1097 1265 1241 1315 potest
1257 1292 1267 1312 a
1296 1265 1345 1300 ut
1368 1256 1427 1301 ita
1450 1257 1531 1302 sit:

136 1325 298 1374 Nobis
317 1343 483 1372 verum
505 1328 552 1372 in
568 1336 795 1388 promptu
820 1336 911 1383 est,
931 1336 980 1371 τα
1002 1325 1080 1371 (lic
1102 1343 1283 1373 verum.
1312 1330 1405 1376 Hoc
1429 1338 1471 1373 et
1489 1329 1536 1373 in

137 1399 286 1442 metris
308 1408 567 1443 caeterorum
589 1398 753 1457 pedum
777 1398 1020 1442 tenendum
1048 1407 1131 1454 est,
1151 1398 1314 1443 scilicet
1337 1415 1536 1444 necessa-

138 1469 211 1515 riis
244 1469 446 1525 silentiis,
485 1469 572 1513 sive
598 1468 817 1525 finalibus,
835 1470 923 1514 sive
945 1469 1097 1514 mediis
1132 1469 1256 1514 reddi
1291 1471 1460 1527 debita„
1487 1482 1538 1517 ut

137 1540 270 1603 pedes
306 1540 574 1601 impleantur
608 1559 616 1586 :
652 1556 740 1585 non
778 1550 926 1586 autem
954 1540 1069 1585 sileri
1109 1551 1310 1602 oportere
1351 1543 1536 1604 amplius

139 1628 274 1673 quam
301 1612 424 1673 pedis
455 1621 647 1672 partem,
688 1628 823 1673 quam
858 1611 1018 1657 levatio
1056 1612 1266 1673 positiove
1299 1626 1534 1676 occupant.

139 1683 410 1730 Voluntariis
443 1693 589 1728 autem
624 1683 802 1728 silentiis
837 1693 880 1728 et
912 1694 1056 1744 partes
1081 1684 1243 1744 pedum
1281 1696 1325 1730 et
1346 1687 1538 1746 integros

137 1755 271 1817 pedes
294 1754 419 1800 silere
441 1755 697 1800 conceditur
712 1791 721 1809 ,
747 1755 859 1800 sicut
882 1755 1088 1816 exemplis
1112 1773 1241 1817 supra
1264 1757 1388 1803 dictis
1411 1775 1539 1804 mon-

139 1827 385 1873 stravimus.
426 1826 512 1872 Sed
551 1828 763 1872 hactenus
800 1827 1223 1888 interponendorum
1264 1829 1538 1877 silentiorum

140 1899 252 1947 ratio
274 1908 459 1945 tractata
481 1899 548 1944 sit.

143 2048 284 2066 ΜΜΑΛΜ
288 2048 427 2065 mm}
432 2047 570 2064 ἱΑΜθἏΜ
576 2047 713 2066 §.mm
718 2048 785 2066 ἱιὶΜ
791 2048 928 2066 §xxxam
932 2049 999 2067 &mxx
1004 2049 1142 2067 mm
1146 2050 1213 2067 11]ιῆ
1217 2051 1286 2068 MA}
1291 2051 1356 2068 mm
1360 2052 1539 2070 mx‘vvum

637 2159 855 2210 CAPUT
893 2161 1031 2211 xvi.

175 2280 253 2327 De
271 2279 451 2342 pedum
472 2281 842 2340 commixtione,
867 2293 913 2329 et
935 2283 993 2330 (Ze
1019 2295 1279 2332 metrorum
1306 2286 1508 2349 copula-

772 2365 913 2402 tcone.

206 2480 349 2524 XXX.
384 2481 506 2526 Nunc
539 2480 594 2525 de
628 2480 794 2542 pedum
825 2477 1155 2539 commixtione,
1193 2494 1238 2530 et
1271 2485 1326 2530 de
1347 2486 1541 2547 ipsorum

147 2559 390 2596 metrorum
438 2551 716 2613 copulatione
760 2569 899 2614 pauca
944 2553 1154 2600 dicamus.
1192 2556 1410 2610 Quoniam
1451 2560 1541 2619 jam

1263 2630 1328 2668 23.
