1888 3168
613 214 668 241 DE
699 212 854 239 MusicA
887 212 968 237 Lis.
1007 212 1070 237 ιιι.
1446 199 1530 238 385

147 292 189 326 te
212 296 381 342 semper
403 296 505 325 cum
527 279 753 340 voluptate
775 277 944 322 audisse
960 275 1180 322 confessus
1207 277 1287 320 sis?
1310 278 1360 319 D.
1393 275 1536 320 Mani-

146 351 307 397 festum
325 360 390 396 est
406 359 449 395 et
470 351 554 395 hoc
572 365 683 405 esse,
708 358 752 394 et
774 348 829 394 ab
851 346 927 393 illo
950 347 1169 407 superiore
1192 361 1348 405 genere
1361 344 1534 390 distare.

208 426 266 467 ΙΙ.
292 425 353 467 Μ.
379 424 497 480 Ergo
517 420 725 481 quoniam
743 428 916 480 oportet
937 417 1146 475 distingui
1165 416 1295 460 etiam
1316 415 1540 460 vocabulis

147 509 197 539 ea
219 509 319 554 quae
342 508 389 536 re
411 491 466 536 ab
489 507 533 536 se
556 490 760 536 distincta
781 499 904 546 sunt,
931 489 1036 534 scias
1057 487 1170 532 illud
1191 487 1386 547 superius
1407 502 1542 545 genus

148 562 459 624 copulati011i8‚
497 562 756 620 rhythmum
779 578 803 606 a
827 560 1011 619 Graecis·⁷
1036 560 1120 604 hoc
1150 568 1297 604 autem
1332 556 1539 613 alterum,

148 644 338 680 metrum
353 634 500 680 vocari
522 654 531 680 :
550 633 686 679 latine
707 643 854 679 autem
866 632 1143 694 dicipossent
1156 667 1166 687 ,
1191 630 1302 675 illud
1317 646 1541 685 numerus,

148 707 232 751 hoc
263 707 430 751 mensio
471 705 543 751 vel
564 721 783 751 mensura.
820 704 906 751 Sed
943 704 1154 766 quoniam
1188 703 1283 747 haec
1316 700 1435 762 apud
1467 717 1544 746 nos

149 777 328 822 nomina
344 775 432 822 late
453 786 628 837 patent,
657 786 700 821 et
721 776 966 823 cavendum
992 784 1056 820 est
1077 790 1133 819 ne
1164 773 1368 832 ambigue
1390 773 1547 834 loqua-

149 864 264 904 mur,
290 847 564 893 commodius
586 848 755 893 utimur
772 848 939 907 graccis.
964 846 1096 892 Vides
1111 856 1258 892 tamen
1271 882 1281 901 ,
1302 855 1353 889 ut
1371 845 1546 905 opinor,

149 935 283 980 quam
302 929 419 964 recte
453 929 696 981 utrumque
725 935 889 964 nomen
911 918 977 963 his
1005 918 1135 962 rebus
1169 918 1223 961 sit
1252 916 1505 977 impositum
1539 934 1548 961 ε

150 1007 253 1036 nam
276 992 485 1053 quoniam
506 990 620 1036 illud
641 991 830 1052 pedibus
853 991 982 1036 ccrtis
1001 990 1296 1051 provolvitur,
1320 999 1551 1050 peccatur-

151 1079 238 1124 que
270 1063 316 1107 in
352 1079 403 1108 eo
440 1063 474 1108 si
496 1063 629 1124 pedes
651 1064 813 1109 dissoni
833 1064 1119 1118 misceantur,
1168 1071 1285 1106 recte
1310 1061 1554 1122 appellatus

151 1144 216 1180 cst
237 1135 472 1193 rhythmus
487 1171 498 1191 ,
520 1134 567 1179 id
590 1144 669 1192 est,
694 1151 904 1180 numerus
928 1156 935 1181 :
969 1136 1046 1180 sed
1066 1134 1168 1194 quia
1190 1134 1281 1193 ipsa
1303 1132 1554 1194 provolutio

151 1223 243 1253 non
263 1207 398 1252 habet
417 1206 601 1252 modum
617 1244 628 1264 ,
653 1224 737 1253 nec
759 1218 972 1253 statutum
995 1215 1060 1250 est
1089 1206 1135 1250 in
1158 1216 1296 1267 quoto
1317 1205 1429 1266 pedo
1457 1205 1557 1250 finis

152 1277 308 1340 aliquis
327 1279 539 1335 emineat,
564 1289 745 1340 propter
763 1280 932 1325 nullam
948 1293 1199 1322 mensuram
1214 1277 1556 1322 continuationis

149 1367 241 1396 non
263 1350 418 1396 debuit
439 1362 630 1397 metrum
653 1350 814 1394 vocari.
842 1352 936 1394 Hoc
955 1359 1103 1394 autem
1120 1359 1362 1411 utrumque
1382 1349 1516 1395 habet
1543 1370 1552 1394 ε

150 1436 253 1466 nam
271 1429 314 1464 et
335 1421 460 1465 certis
482 1419 672 1480 pedibus
694 1421 905 1478 curritur,
932 1430 976 1466 et
991 1431 1110 1466 certo
1130 1422 1389 1467 terminatur
1403 1421 1551 1467 modo.

151 1495 307 1554 Itaque
328 1507 420 1537 non
452 1491 596 1536 solum
616 1502 809 1537 metrum
844 1503 1024 1554 propter
1046 1493 1264 1553 insignem
1286 1495 1443 1556 finem,
1479 1494 1557 1538 scd

151 1564 284 1609 etiam
305 1563 540 1623 rhythmus
558 1573 623 1609 est
636 1601 646 1621 ,
671 1573 853 1625 propter
868 1564 1037 1625 pedum
1058 1558 1366 1610 rationabilem
1389 1581 1556 1610 conne-

151 1635 341 1681 xionem.
383 1636 598 1690 Quocirca
621 1652 751 1682 omne
790 1647 982 1683 metrum
1015 1639 1272 1696 rhythmus,
1305 1655 1396 1683 non
1418 1638 1558 1682 omnis

152 1708 388 1765 rhythmus
410 1707 541 1753 etiam
572 1717 764 1752 metrum
784 1718 862 1754 est.
906 1710 1121 1768 Rhythmi
1155 1710 1273 1754 enim
1311 1726 1475 1755 nomen
1512 1710 1560 1753 in

152 1777 319 1823 musica
340 1793 479 1838 usque
503 1779 612 1822 adeo
634 1779 720 1821 late
741 1786 887 1837 patet,
913 1787 965 1822 ut
987 1778 1083 1823 haec
1105 1787 1198 1823 tota
1216 1794 1315 1838 pars
1339 1780 1430 1840 ejus
1454 1796 1556 1841 quae

152 1848 209 1893 ad
226 1847 304 1893 diu
325 1857 369 1893 et
390 1863 480 1893 non
502 1846 581 1892 diu
609 1848 822 1909 pertinet,
849 1849 1082 1908 rhythmus
1105 1850 1332 1895 nominata
1363 1851 1432 1895 sit.
1473 1850 1559 1896 Sed

154 1919 209 1964 de
232 1920 430 1976 nomine,
454 1936 556 1964 cum
585 1936 651 1965 res
672 1930 899 1981 appareat,
937 1937 1028 1966 non
1049 1937 1139 1966 esse
1172 1921 1459 1979 satagendum
1477 1957 1487 1977 ,
1514 1931 1559 1966 et

155 1989 295 2036 doctis
318 2000 363 2036 et
383 1991 650 2051 sapientibus
673 1991 853 2052 placuit.
885 1994 955 2036 An
974 1991 1141 2053 aliquid
1162 1992 1556 2037 contradicendum

155 2070 232 2106 aut
275 2060 575 2106 dubitandum
612 2071 740 2122 putas
773 2061 828 2107 de
858 2062 952 2118 his,
987 2080 1087 2123 quae
1119 2079 1143 2108 a
1181 2079 1251 2108 me
1282 2063 1398 2108 dicta
1428 2066 1556 2109 sunt?

156 2136 208 2178 D.
235 2137 331 2180 lmo
352 2149 529 2195 prorsus
548 2134 773 2180 assentior.

355 2636 475 2666 cvm.
1319 2634 1369 2672 25
