1888 3168
308 182 390 223 254
732 192 765 220 s.
803 190 1038 222 AUGUSTINI
1072 193 1254 222 Emscom

306 275 408 304 cum
440 267 483 303 et
511 272 608 302 eam
631 266 800 302 tantam
829 268 1046 320 quantum
1076 273 1238 319 corpus
1260 265 1347 312 est,
1376 258 1571 318 superior
1593 259 1702 304 ratio

306 330 502 375 docuisse
523 328 755 374 videatur?
777 332 828 374 E.
855 332 953 375 Non
971 330 1147 375 invenio
1174 328 1282 390 quid
1304 328 1605 388 respondeam,
1622 346 1703 375 nec

307 402 408 446 satis
454 401 669 462 explicare
700 417 878 462 possum
917 411 1134 462 quantum
1166 417 1236 445 me
1272 400 1353 445 ista
1386 410 1623 446 moveant:
1660 411 1705 446 et·

308 472 499 518 multum
531 488 600 517 me
626 473 717 533 ipse
743 472 945 528 derideo,
972 473 1050 534 qui
1079 472 1291 533 superiori
1324 472 1483 517 rationi
1505 481 1596 516 tam
1617 473 1705 517 cito

308 559 610 589 consenseram
624 579 634 599 ,
659 552 710 587 ut
739 559 792 587 ex
815 543 897 588 isto
919 544 1111 604 corporis
1142 543 1274 589 modo
1300 552 1466 605 quanta
1487 543 1542 588 sit
1563 543 1707 587 anima

309 616 608 661 terminarem.
642 618 694 660 Α.
727 617 826 660 Non
859 631 962 675 ergo
987 616 1079 676 jam
1107 614 1188 660 tibi
1215 614 1302 660 tale
1338 614 1503 677 aliquid
1531 614 1707 660 videtur

310 687 451 749 qualis
473 697 631 732 ventus
663 689 758 732 est?
779 690 832 732 E.
857 686 990 732 Nullo
1020 687 1183 733 modo:
1208 703 1311 732 nam
1330 688 1461 732 etiam
1483 688 1518 732 si
1534 691 1607 732 a‘e'r
1627 686 1708 731 iste

308 760 433 820 cujus
463 760 587 820 quasi
621 759 807 804 fluctum
835 768 1020 804 ventum
1053 774 1144 804 esse
1176 757 1463 819 probabiliter
1489 758 1704 813 creditur,

308 831 512 876 universi]
521 847 562 875 m
583 832 715 876 istum
741 829 961 875 mundum
984 831 1119 891 possit
1140 829 1341 891 implere,
1367 829 1709 875 innumerabiles

308 902 417 947 tales
451 912 683 964 tantosque
714 901 903 948 mundos
933 918 1082 947 secum
1115 903 1260 947 anima
1292 902 1520 962 imaginari
1540 910 1706 962 potest,

309 990 417 1036 quas
438 974 648 1034 imagines
667 991 755 1036 quo
775 975 914 1035 spatio
932 975 1156 1020 contineat
1177 974 1385 1036 suspicari
1407 989 1498 1019 non
1514 988 1706 1035 possum.

310 1050 363 1091 A.
385 1046 497 1092 Vide
520 1063 622 1107 ergo
639 1063 694 1092 ne
717 1047 873 1092 melius
895 1048 949 1092 sit
971 1063 1067 1092 eam
1087 1047 1280 1104 credere,
1301 1047 1572 1108 utsuperius
1591 1045 1712 1090 dixe-

311 1134 402 1162 ram
422 1154 432 1175 ,
457 1135 539 1164 nec
570 1119 748 1178 longam
766 1155 776 1175 ,
803 1134 886 1164 nec
908 1118 1068 1176 latam,
1101 1135 1182 1164 nec
1205 1119 1337 1165 altam
1354 1155 1365 1176 ,
1390 1119 1502 1164 sicut
1526 1118 1634 1163 mihi
1656 1116 1712 1163 de

307 1190 474 1251 justitia
506 1207 793 1236 concesseras.
831 1194 883 1235 E.
921 1190 1068 1236 Facile
1105 1192 1378 1248 assentirem,
1404 1191 1487 1236 nisi
1514 1206 1586 1235 me
1612 1189 1712 1251 plus

312 1262 615 1319 conturbaret,
641 1279 732 1324 quo
754 1278 928 1308 rursum
944 1272 1074 1324 pacto
1093 1272 1317 1309 tantorum
1340 1263 1581 1324 spatiorum
1601 1261 1713 1306 ima-

314 1332 435 1391 gines
452 1333 796 1379 innumerabiles
814 1333 937 1379 nulla
959 1351 1038 1380 sua
1059 1344 1103 1379 et
1122 1333 1400 1395 longitudine
1417 1343 1461 1380 et
1481 1332 1715 1380 latitudine

320 1413 364 1449 et
385 1403 619 1450 altitudine
646 1420 801 1465 capere
822 1405 973 1465 possit.

315 1552 385 1568 m
391 1551 959 1571 ἉΜνΜΜΛΊΜΜΜΜΝΝἋΝνᾋΝνἋ
964 1551 1320 1568 xmmmwmmmmm
1325 1550 1713 1568 mmmmm

838 1652 1056 1700 CAPUT
1106 1653 1191 1699 VI.

642 1769 920 1835 Longz'tuclo
942 1787 1079 1817 mera
1102 1780 1149 1817 et
1167 1770 1390 1833 simplex.

376 1900 431 1942 X.
458 1901 510 1942 A.
540 1901 814 1942 Ininx-imms
842 1897 926 1941 hoc
955 1895 1136 1941 sortasse
1163 1905 1382 1957 quantum
1403 1895 1522 1951 licet,
1539 1896 1574 1941 si
1593 1897 1718 1957 prius

318 1969 550 2028 diligenter
567 1967 850 2013 discutiamus
868 1968 963 2012 haec
989 1969 1082 2024 tria,
1108 1967 1153 2012 id
1171 1978 1249 2024 est,
1265 1966 1604 2028 longitudinem,
1624 1968 1721 2013 lati-

319 2041 536 2096 tudinem,
563 2050 607 2084 et
629 2039 925 2084 altitudinem.
954 2043 1109 2100 Itaque
1131 2039 1295 2083 enitere
1315 2039 1507 2098 cogitare
1523 2038 1720 2099 longitu-

318 2112 493 2168 dinem,
527 2128 628 2172 quae
654 2111 802 2156 adhuc
830 2110 999 2155 nullam
1030 2109 1310 2155 latitudinem
1340 2111 1632 2171 assumpserit.
1661 2114 1714 2156 E.

318 2184 436 2230 Nihil
457 2199 636 2245 possum
657 2182 744 2228 tale
766 2182 978 2242 cogitare:
1000 2183 1033 2228 si
1051 2183 1169 2227 enim
1189 2182 1313 2227 filum
1328 2199 1497 2228 araneae
1509 2183 1555 2228 in
1573 2184 1718 2228 animo

318 2256 613 2312 constituero,
645 2271 735 2317 quo
770 2254 881 2299 nihil
913 2254 1064 2299 exilius
1096 2254 1284 2299 solemus
1323 2254 1494 2311 videre,
1527 2255 1718 2300 occurrit

318 2328 427 2372 mihi
450 2329 582 2373 etiam
605 2328 649 2372 in
674 2343 725 2372 eo
757 2336 904 2372 tamen
921 2337 965 2371 et
986 2325 1219 2387 longitudo
1241 2342 1319 2387 per
1348 2342 1413 2383 se,
1439 2336 1483 2372 et
1503 2326 1714 2383 latitudo,

320 2409 363 2444 et
387 2399 600 2445 altitudo:
627 2416 728 2462 quae
756 2399 1102 2462 qualescumque
1129 2400 1237 2456 sint,
1264 2415 1354 2445 esse
1382 2409 1531 2445 tamen
1560 2415 1718 2459 negare

318 2488 404 2517 non
429 2487 619 2532 possum.
645 2475 696 2516 A.
722 2474 821 2517 Non
850 2487 1171 2533 usquequaque
1197 2471 1388 2517 absurda
1411 2481 1476 2517 est
1494 2471 1717 2533 responsio

323 2552 393 2589 tua
409 2579 420 2600 ,
441 2543 516 2589 sed
538 2552 654 2588 certe
676 2559 777 2588 cum
801 2543 883 2589 tria
911 2544 990 2589 ista
1008 2543 1053 2588 in
1075 2559 1244 2588 araneae
1267 2543 1343 2589 filo
1364 2559 1455 2589 esse
1480 2542 1687 2602 intelligis
1701 2577 1712 2598 ,
