1888 3168
685 200 738 226 nn
772 198 928 225 ,11151οΑ
961 199 1043 225 Lm.
1083 201 1124 224 1.
1522 184 1599 224 451

203 263 352 308 toritas
364 264 577 324 quaeritur
588 285 599 322 3
611 279 713 309 cum
725 264 859 324 ipsius
871 263 1047 307 rationis
1062 279 1110 308 ae
1124 264 1314 308 veritatis
1328 263 1603 318 auctoritate,

201 351 302 396 quae
325 335 523 395 profecto
546 344 610 380 est
627 336 749 380 omni
770 334 948 380 homine
971 334 1147 389 melior,
1173 334 1284 378 nihil
1315 335 1496 380 deberet
1516 351 1606 379 esse

200 406 492 467 praestantius.
519 409 619 452 Non
635 406 753 451 enim
787 416 837 451 ut
872 406 918 450 in
954 404 1240 466 producenda
1273 405 1606 466 corripiendave

200 477 370 536 syllaba
405 478 579 523 nonnisi
612 478 918 523 auctoritatem
947 486 1145 522 veterum
1177 476 1408 520 hominum
1441 478 1605 537 quaeri-

202 563 300 594 mus
317 584 328 605 ‚
354 558 405 593 ut
420 549 797 610 quemadmodum
812 550 900 594 sint
914 548 980 593 usi
993 547 1137 593 verbis
1153 547 1316 608 quibus
1331 563 1409 592 nos
1426 563 1606 608 quoque

201 620 428 682 loquimur
443 657 455 678 ,
479 622 539 667 ita
560 631 605 667 et
626 623 705 668 nos
737 632 940 677 utamur,
966 623 1070 683 quia
1091 629 1135 665 et
1165 620 1211 664 in
1233 618 1536 680 hujuscemodi
1560 635 1606 663 re

201 691 371 737 nullam
392 692 744 739 observationem
767 693 890 754 sequi
911 692 1090 738 desidiae
1112 701 1198 748 est,
1231 701 1276 736 et
1297 707 1458 737 novam
1480 692 1607 737 insti-

202 773 325 810 tuere
337 763 526 810 licentiae
551 785 560 811 :
584 766 644 811 ita
677 766 723 811 in
744 764 967 810 metiendo
988 780 1118 810 versu
1137 764 1379 808 inveterata
1402 762 1608 808 voluntas

201 837 434 882 hominum
451 872 462 893 ,
484 854 533 883 ae
555 854 646 884 non
668 847 832 883 aeterna
855 853 999 882 rerum
1017 837 1126 882 ratio
1145 835 1376 896 cogitanda
1393 846 1477 892 est,
1505 852 1609 882 cum

202 920 246 955 et
282 909 553 956 moderatam
588 913 679 973 ejus
707 910 1032 971 longitudinem
1068 910 1185 970 prius
1219 909 1477 954 naturaliter
1501 926 1606 954 aure

203 982 461 1038 sentiamus,
484 982 644 1027 deinde
668 983 963 1044 approbemus
987 982 1241 1044 rationabili
1257 980 1605 1027 consideratione

202 1069 513 1111 numerorum,
535 1064 579 1099 et
601 1070 703 1099 eum
725 1055 885 1114 insigni
903 1054 990 1098 fine
1012 1053 1313 1099 claudendum
1330 1070 1420 1098 esse
1438 1053 1610 1115 judicet

202 1126 397 1189 quisquis
421 1126 592 1188 judicat
613 1128 772 1172 certius
794 1143 896 1172 eum
928 1142 1061 1188 quam
1091 1138 1248 1172 ezetera
1277 1137 1415 1172 metra
1436 1143 1525 1171 esse
1550 1128 1605 1170 fi-

201 1199 443 1257 niendum,
465 1216 657 1263 eumque
685 1201 819 1245 finem
841 1201 888 1245 in
921 1200 1117 1245 breviore
1140 1210 1338 1260 tempore
1361 1200 1610 1245 notandum

202 1287 292 1318 esse
329 1272 612 1318 manifestum
647 1277 702 1318 sit
724 1295 734 1332 3
776 1273 994 1334 siquidem
1033 1273 1240 1333 temporis
1284 1271 1610 1331 longitudinem

202 1348 374 1393 coercet
387 1356 432 1392 et
445 1344 590 1391 frenat
606 1344 801 1408 quodam
822 1344 971 1391 modo.

201 1505 310 1523 wwm
314 1505 887 1523 mmwiumvmwwvxsm·svw
890 1506 1031 1523 SVVNWQV
1034 1507 1101 1523 ΚΛΜ
1106 1505 1463 1522 ὶΜὶῑΊΝῑνὶΊωυῢννᾺ’
1467 1506 1607 1523 ΜΊΛΛΑᾹΙ

739 1632 958 1681 CAPUT
1003 1633 1091 1681 Vl.

611 1777 795 1824 Rursus
823 1776 1000 1841 desine
1018 1795 1196 1824 versus.

262 1918 342 1960 XI.
369 1917 476 1970 QUAE
499 1931 601 1961 cum
620 1916 681 1962 ita
697 1916 784 1961 sint
799 1952 810 1972 ⁷
837 1917 914 1978 qui
941 1925 1085 1977 potest
1114 1918 1330 1977 posterius
1352 1918 1444 1977 ejus
1466 1933 1609 1962 mem-

204 1989 336 2034 brum
349 1988 433 2033 nisi
444 2004 536 2034 non
545 1987 679 2050 pleno
694 1988 916 2033 terminari
928 1989 1067 2049 pede?
1080 1989 1241 2034 Prioris
1256 1998 1403 2034 autem
1417 1990 1607 2034 membri

204 2062 433 2107 exordium
455 2070 532 2106 aut
563 2060 746 2122 plenum
774 2061 933 2122 pedem
965 2077 1054 2106 esse
1072 2098 1082 2118 ,
1108 2073 1158 2107 ut
1185 2063 1233 2107 in
1254 2062 1330 2108 illo
1353 2063 1575 2108 trochaiCo
1593 2098 1604 2118 ‚

205 2135 388 2190 Roma,
413 2133 575 2179 Roma
582 2169 598 2190 ,
643 2149 785 2178 cerne
818 2142 1006 2192 quanta
1043 2135 1104 2179 sic
1135 2131 1278 2179 decim
1308 2133 1610 2197 benignitas,-

205 2216 282 2251 aut
297 2215 468 2267 partem
489 2203 612 2266 pedis
643 2214 841 2266 oportet,
867 2215 918 2251 ut
939 2205 985 2249 in
1011 2206 1213 2263 heroico,
1239 2206 1401 2251 Arma
1426 2207 1609 2252 viram-

207 2293 298 2338 qne
310 2292 453 2334 cano,
477 2276 640 2339 Trqjae
662 2277 747 2336 qui
761 2277 948 2336 primus
965 2275 1030 2322 ab
1048 2278 1160 2323 oris.
1187 2280 1465 2339 Quapropter
1487 2283 1611 2324 omni

201 2351 294 2411 jam
315 2348 592 2395 dubitatione
613 2348 806 2405 sublata,
833 2349 963 2394 etiam
996 2349 1128 2394 istum
1157 2366 1332 2396 versum
1357 2351 1513 2396 metire
1529 2387 1539 2407 ,
1572 2352 1608 2396 si

206 2421 372 2482 placet,
402 2430 446 2466 et
472 2421 582 2467 mihi
610 2420 667 2466 de
694 2421 901 2475 membris
929 2423 1022 2483 ejus
1054 2422 1332 2484 pedibusque
1366 2423 1602 2483 responde,

206 2491 452 2539 Plzaselas
482 2491 561 2538 ille
587 2508 728 2551 quem
747 2490 921 2538 videtis
946 2492 1171 2554 hospites.
1197 2498 1249 2539 E.
1279 2495 1480 2540 Membra
1503 2497 1606 2556 qui-

208 2565 308 2610 dem
322 2566 455 2626 hujus
467 2565 513 2609 in
524 2565 722 2625 quinque
733 2575 775 2610 et
785 2574 948 2625 septem
963 2565 1204 2625 semipedes
1216 2566 1344 2611 video
1356 2567 1584 2612 distributa
1593 2604 1606 2624 ‚

1377 2640 1413 2666 02¹
1423 2646 1429 2657 ι

1378 2671 1397 2678 ..ι
1414 2677 1418 2679 .
