1852 3163
187 199 270 237 202
622 207 655 233 S.
691 204 923 234 AUGUSTINI
956 205 1137 232 Emscom

184 282 449 320 moveretur.
477 274 571 317 Hoc
594 272 711 317 enim
733 272 981 334 pertinebat
995 271 1058 316 ad
1079 286 1257 316 sensum
1274 306 1286 327 ,
1310 271 1357 315 in
1381 286 1470 332 quo
1492 272 1581 317 ani-

185 362 254 391 ma
282 362 333 390 eo
358 346 452 406 ipso
474 345 596 406 quod
621 345 754 390 mixta
772 355 836 390 est
858 344 1057 405 corpori,
1083 343 1268 405 percipit
1287 343 1577 404 voluptatem.

184 418 319 464 Aliud
341 434 445 478 ergo
466 433 616 463 sensus
634 454 644 473 ‚
678 416 798 462 aliud
815 433 894 478 per
915 432 1091 462 sensum
1113 437 1122 462 :
1146 432 1250 462 narn
1271 431 1446 461 sensum
1462 415 1581 461 mul-

185 499 254 534 cet
280 488 465 550 pulcher
497 498 666 543 motus,
708 504 785 548 per
822 503 997 533 sensum
1029 497 1176 532 autem
1207 489 1402 533 animum
1439 487 1582 532 solum

184 561 369 622 pulchra
391 561 436 604 in
459 569 585 605 motu
613 560 888 619 significatio.
927 563 1022 605 Hoc
1048 559 1180 604 etiam
1203 559 1250 604 in
1272 559 1451 604 auribus
1475 557 1582 604 faci-

185 632 268 677 lius
306 632 547 676 advertitur
578 650 587 677 ε
628 647 731 675 nam
773 630 994 692 quidquid
1024 629 1219 691 jocunde
1260 640 1410 685 sonat,
1455 630 1580 676 illum

184 705 327 765 ipsum
352 703 552 748 auditum
570 703 680 748 libet
703 713 834 765 atque
857 702 983 748 ill-icit
1004 722 1013 748 :
1041 703 1164 764 quod
1186 712 1334 747 autem
1355 718 1433 763 per
1454 717 1581 747 eum-

185 776 287 821 dem
308 792 467 821 sonum
489 777 603 821 bene
620 777 906 836 significatur,
929 776 1086 821 nuntio
1101 775 1280 837 quidem
1297 776 1485 832 aurium,
1506 775 1583 820 sed

185 851 243 893 ad
277 848 414 894 solam
441 857 636 893 mentem
672 847 875 893 refertur.
918 851 1073 909 Itaque
1109 863 1212 893 cum
1251 846 1454 893 audimus
1485 846 1582 892 illos

184 935 334 966 versus
353 939 364 966 ε

319 1007 401 1046 Quid
416 1012 543 1040 tantum
559 1009 690 1040 Oceano
703 1011 881 1050 properent
897 1017 931 1039 se
948 1006 1075 1050 tingere
1089 1005 1172 1038 soles

319 1064 462 1107 Hyberni
474 1088 484 1106 ,
499 1063 553 1096 vel
574 1074 643 1107 qua}
665 1064 761 1096 tardis
774 1074 863 1096 mora
875 1062 1026 1096 noctibus
1044 1062 1155 1095 obstet
1165 1067 1191 1094 ¹.

185 1129 326 1174 Aliter
358 1139 498 1174 metra
520 1129 774 1185 laudamus,
807 1128 1020 1190 aliterque
1048 1127 1308 1173 sententiam
1342 1145 1352 1172 :
1387 1140 1468 1170 nee
1500 1126 1584 1170 sub

185 1201 341 1246 eodem
363 1201 591 1246 intellectu
613 1200 797 1246 dicimus
813 1237 825 1258 ‚
860 1199 1177 1247 rationabiliter
1198 1207 1347 1255 sonat,
1375 1207 1419 1243 et
1447 1197 1583 1242 ratio-

186 1273 392 1319 nabiliter
414 1273 584 1319 dietum
598 1282 676 1318 est.

188 1432 329 1449 mm}
336 1426 1585 1449 mmmmmwmvmmmxmmmmmmmw

697 1562 916 1614 CAPUT
959 1565 1077 1612 XII.

186 1699 574 1761 Disciplinarum
596 1699 810 1745 omnium
834 1694 1165 1760 excogz'tatrioe
1188 1696 1331 1741 ratio.
1357 1721 1414 1729 —
1433 1693 1586 1741 Occa-

247 1775 318 1817 sio
340 1770 703 1817 vocabulorum.
729 1796 789 1805 —
812 1768 1020 1815 Occasio
1043 1766 1328 1813 litterarum.
1349 1791 1409 1804 ·-
1435 1766 1586 1811 Occa-

246 1845 316 1890 sio
334 1859 656 1888 numerorum.
673 1869 732 1878 —‡
746 1841 953 1887 Occasio
968 1838 1271 1885 discretionis
1295 1838 1583 1892 litterarum,

246 1914 550 1977 syllabarmn
566 1923 612 1959 et
630 1911 897 1959 verborum.
925 1939 982 1945 -
1010 1911 1218 1957 Occasio
1241 1908 1469 1954 historice.

246 2054 429 2097 XXXV.
465 2055 588 2097 EnGo
605 2053 697 2113 jam
730 2052 811 2096 tria
834 2065 992 2110 genera
1014 2057 1118 2094 sunt
1150 2063 1297 2092 rerum
1312 2082 1324 2103 ‚
1357 2047 1405 2090 iu
1423 2045 1584 2106 quibus

188 2125 300 2170 illud
328 2125 589 2170 rationabile
614 2134 808 2185 apparet.
835 2126 984 2168 Unum
1006 2131 1071 2166 est
1098 2122 1145 2165 in
1165 2120 1292 2165 factis
1315 2118 1371 2163 ad
1393 2117 1584 2178 aliquem

188 2198 321 2242 linem
338 2196 482 2241 relatis
499 2233 510 2253 ‚
532 2196 719 2241 alterum
737 2196 783 2239 in
800 2193 988 2239 dicendo
1000 2229 1011 2248 ,
1036 2193 1215 2238 tertium
1234 2191 1280 2235 in
1302 2189 1580 2234 delectando.

187 2269 384 2313 Primum
420 2284 499 2313 nos
537 2267 745 2312 admonet
778 2265 891 2310 nihil
923 2274 1087 2309 temere
1122 2262 1266 2307 facere
1294 2281 1302 2306 :
1339 2259 1584 2306 secundum

187 2349 304 2385 reete
337 2339 493 2384 docere
530 2360 538 2384 :
578 2338 784 2383 ultimum
808 2338 937 2382 beate
975 2333 1278 2394 contemplari.
1316 2336 1369 2377 In
1390 2331 1583 2376 moribus

187 2422 252 2458 est
278 2411 388 2455 illud
411 2411 610 2471 superius
625 2446 635 2466 ,
660 2411 756 2454 haee
778 2419 923 2453 autem
949 2408 1037 2453 duo
1059 2407 1108 2451 in
1134 2405 1396 2465 disciplinis,
1417 2403 1472 2449 de
1489 2403 1586 2464 qui:

186 2486 268 2530 bus
291 2499 410 2527 nunc
438 2483 620 2541 agimus.
646 2484 846 2541 Namque
868 2478 981 2524 illud
1001 2476 1125 2539 quod
1147 2477 1192 2521 in
1214 2476 1341 2522 nobis
1362 2484 1425 2520 est
1447 2475 1580 2518 ratio-

236 2589 244 2604 1
261 2581 345 2621 Vim.
374 2592 410 2622 ιι,
430 2582 545 2619 Goon-52.
