<?xml version="1.0" encoding="UTF-8"?>
<!DOCTYPE html PUBLIC "-//W3C//DTD XHTML 1.0 Transitional//EN"
    "http://www.w3.org/TR/xhtml1/DTD/xhtml1-transitional.dtd">
<html xmlns="http://www.w3.org/1999/xhtml" xml:lang="en" lang="en">
 <head>
  <title>
</title>
<meta http-equiv="Content-Type" content="text/html;charset=utf-8" />
  <meta name='ocr-system' content='tesseract 3.04.00' />
  <meta name='ocr-capabilities' content='ocr_page ocr_carea ocr_par ocr_line ocrx_word'/>
</head>
<body>
  <div class='ocr_page' id='page_1' title='image "./operaomniaaccura01auguuoft_0027.png"; bbox 0 0 1883 3194; ppageno 0'>
   <div class='ocr_carea' id='block_1_1' title="bbox 520 170 1557 210">
    <p class='ocr_par' dir='ltr' id='par_1_1' title="bbox 520 170 1557 210">
     <span class='ocr_line' id='line_1_1' title="bbox 520 170 1557 210; baseline 0 0"><span class='ocrx_word' id='word_1_1' title='bbox 520 183 684 210; x_wconf 67' lang='lat' dir='ltr'>con‘m</span> <span class='ocrx_word' id='word_1_2' title='bbox 722 183 981 209; x_wconf 62' lang='lat' dir='ltr'>AclAnsswlcns</span> <span class='ocrx_word' id='word_1_3' title='bbox 1013 182 1136 209; x_wconf 62' lang='lat' dir='ltr'>Linea</span> <span class='ocrx_word' id='word_1_4' title='bbox 1172 184 1199 208; x_wconf 76' lang='grc' dir='ltr'>ι.</span> <span class='ocrx_word' id='word_1_5' title='bbox 1504 170 1557 210; x_wconf 69' lang='lat'>17</span> 
     </span>
    </p>
   </div>
   <div class='ocr_carea' id='block_1_2' title="bbox 151 245 1581 2645">
    <p class='ocr_par' dir='ltr' id='par_1_2' title="bbox 151 245 1578 2092">
     <span class='ocr_line' id='line_1_2' title="bbox 161 245 1562 304; baseline 0.001 -12"><span class='ocrx_word' id='word_1_6' title='bbox 161 246 449 294; x_wconf 80' lang='lat' dir='ltr'>sentientibus</span> <span class='ocrx_word' id='word_1_7' title='bbox 485 247 666 292; x_wconf 87' lang='lat' dir='ltr'>vocibus</span> <span class='ocrx_word' id='word_1_8' title='bbox 706 245 878 291; x_wconf 75' lang='lat' dir='ltr'>ferrerIs</span> <span class='ocrx_word' id='word_1_9' title='bbox 917 246 972 291; x_wconf 87' lang='lat' dir='ltr'>ad</span> <span class='ocrx_word' id='word_1_10' title='bbox 1010 246 1171 292; x_wconf 79' lang='lat' dir='ltr'>coelum</span> <span class='ocrx_word' id='word_1_11' title='bbox 1193 267 1205 304; x_wconf 80' lang='lat'><em>3</em></span> <span class='ocrx_word' id='word_1_12' title='bbox 1245 246 1280 291; x_wconf 86' lang='lat' dir='ltr'>si</span> <span class='ocrx_word' id='word_1_13' title='bbox 1312 260 1443 292; x_wconf 87' lang='lat' dir='ltr'>nemo</span> <span class='ocrx_word' id='word_1_14' title='bbox 1479 248 1562 293; x_wconf 86' lang='lat' dir='ltr'>tibi</span> 
     </span>
     <span class='ocr_line' id='line_1_3' title="bbox 161 316 1562 377; baseline 0.001 -15"><span class='ocrx_word' id='word_1_15' title='bbox 161 317 342 363; x_wconf 79' lang='lat' dir='ltr'>auderet</span> <span class='ocrx_word' id='word_1_16' title='bbox 363 334 452 363; x_wconf 88' lang='lat' dir='ltr'>esse</span> <span class='ocrx_word' id='word_1_17' title='bbox 473 318 693 373; x_wconf 83' lang='lat' dir='ltr'>inimicus,</span> <span class='ocrx_word' id='word_1_18' title='bbox 711 317 745 362; x_wconf 88' lang='lat' dir='ltr'>si</span> <span class='ocrx_word' id='word_1_19' title='bbox 758 316 1045 377; x_wconf 84' lang='lat' dir='ltr'>municipales</span> <span class='ocrx_word' id='word_1_20' title='bbox 1063 316 1228 362; x_wconf 81' lang='lat' dir='ltr'>tabulae</span> <span class='ocrx_word' id='word_1_21' title='bbox 1249 325 1292 361; x_wconf 86' lang='lat' dir='ltr'>te</span> <span class='ocrx_word' id='word_1_22' title='bbox 1309 333 1400 362; x_wconf 92' lang='lat' dir='ltr'>non</span> <span class='ocrx_word' id='word_1_23' title='bbox 1418 317 1562 364; x_wconf 90' lang='lat' dir='ltr'>solum</span> 
     </span>
     <span class='ocr_line' id='line_1_4' title="bbox 151 378 1559 448; baseline 0.002 -15"><span class='ocrx_word' id='word_1_24' title='bbox 151 378 344 445; x_wconf 48' lang='lat' dir='ltr'>rivium,</span> <span class='ocrx_word' id='word_1_25' title='bbox 381 389 457 435; x_wconf 91' lang='lat' dir='ltr'>sed</span> <span class='ocrx_word' id='word_1_26' title='bbox 479 388 611 433; x_wconf 88' lang='lat' dir='ltr'>etiam</span> <span class='ocrx_word' id='word_1_27' title='bbox 641 388 887 433; x_wconf 87' lang='lat' dir='ltr'>vicinorum</span> <span class='ocrx_word' id='word_1_28' title='bbox 917 397 1157 448; x_wconf 86' lang='lat' dir='ltr'>patronum</span> <span class='ocrx_word' id='word_1_29' title='bbox 1189 403 1275 432; x_wconf 84' lang='lat' dir='ltr'>aere</span> <span class='ocrx_word' id='word_1_30' title='bbox 1309 389 1559 448; x_wconf 82' lang='lat' dir='ltr'>signarent,</span> 
     </span>
     <span class='ocr_line' id='line_1_5' title="bbox 160 458 1564 516; baseline 0.001 -9"><span class='ocrx_word' id='word_1_31' title='bbox 160 460 481 507; x_wconf 84' lang='lat' dir='ltr'>collocarentur</span> <span class='ocrx_word' id='word_1_32' title='bbox 513 469 696 516; x_wconf 84' lang='lat' dir='ltr'>statuae,</span> <span class='ocrx_word' id='word_1_33' title='bbox 742 460 982 504; x_wconf 72' lang='lat' dir='ltr'>influerent</span> <span class='ocrx_word' id='word_1_34' title='bbox 1032 460 1222 505; x_wconf 84' lang='lat' dir='ltr'>honores</span> <span class='ocrx_word' id='word_1_35' title='bbox 1238 495 1249 516; x_wconf 87' lang='lat'>,</span> <span class='ocrx_word' id='word_1_36' title='bbox 1295 458 1564 508; x_wconf 81' lang='lat' dir='ltr'>adderentur</span> 
     </span>
     <span class='ocr_line' id='line_1_6' title="bbox 161 528 1564 594; baseline 0.001 -17"><span class='ocrx_word' id='word_1_37' title='bbox 161 533 297 577; x_wconf 73' lang='lat' dir='ltr'>etiam&#39;</span> <span class='ocrx_word' id='word_1_38' title='bbox 324 541 580 594; x_wconf 82' lang='lat' dir='ltr'>potestates,</span> <span class='ocrx_word' id='word_1_39' title='bbox 606 548 707 593; x_wconf 80' lang='lat' dir='ltr'>quae</span> <span class='ocrx_word' id='word_1_40' title='bbox 735 530 1047 592; x_wconf 82' lang='lat' dir='ltr'>municipalem</span> <span class='ocrx_word' id='word_1_41' title='bbox 1078 531 1283 576; x_wconf 86' lang='lat' dir='ltr'>habitum</span> <span class='ocrx_word' id='word_1_42' title='bbox 1314 528 1564 592; x_wconf 87' lang='lat' dir='ltr'>supercres-</span> 
     </span>
     <span class='ocr_line' id='line_1_7' title="bbox 162 600 1563 664; baseline 0.001 -16"><span class='ocrx_word' id='word_1_43' title='bbox 162 613 337 661; x_wconf 67' lang='lat' dir='ltr'>cerent,</span> <span class='ocrx_word' id='word_1_44' title='bbox 374 602 582 649; x_wconf 87' lang='lat' dir='ltr'>conviviis</span> <span class='ocrx_word' id='word_1_45' title='bbox 605 602 871 663; x_wconf 80' lang='lat' dir='ltr'>quotidianis</span> <span class='ocrx_word' id='word_1_46' title='bbox 892 618 1054 647; x_wconf 72' lang='lat' dir='ltr'>mensae</span> <span class='ocrx_word' id='word_1_47' title='bbox 1077 603 1237 663; x_wconf 83' lang='lat' dir='ltr'>opimae</span> <span class='ocrx_word' id='word_1_48' title='bbox 1258 600 1563 664; x_wconf 82' lang='lat' dir='ltr'>struerentur3</span> 
     </span>
     <span class='ocr_line' id='line_1_8' title="bbox 161 672 1565 737; baseline 0.001 -17"><span class='ocrx_word' id='word_1_49' title='bbox 161 675 286 737; x_wconf 86' lang='lat' dir='ltr'>quod</span> <span class='ocrx_word' id='word_1_50' title='bbox 317 675 478 737; x_wconf 90' lang='lat' dir='ltr'>cuique</span> <span class='ocrx_word' id='word_1_51' title='bbox 499 683 612 720; x_wconf 89' lang='lat' dir='ltr'>esset</span> <span class='ocrx_word' id='word_1_52' title='bbox 633 690 828 730; x_wconf 87' lang='lat' dir='ltr'>necesse,</span> <span class='ocrx_word' id='word_1_53' title='bbox 852 672 972 735; x_wconf 86' lang='lat' dir='ltr'>quod</span> <span class='ocrx_word' id='word_1_54' title='bbox 995 675 1209 736; x_wconf 84' lang='lat' dir='ltr'>cujusque</span> <span class='ocrx_word' id='word_1_55' title='bbox 1242 676 1373 720; x_wconf 86' lang='lat' dir='ltr'>etiam</span> <span class='ocrx_word' id='word_1_56' title='bbox 1397 675 1565 722; x_wconf 82' lang='lat' dir='ltr'>deliciae</span> 
     </span>
     <span class='ocr_line' id='line_1_9' title="bbox 161 747 1562 808; baseline 0.001 -14"><span class='ocrx_word' id='word_1_57' title='bbox 161 749 351 804; x_wconf 86' lang='lat' dir='ltr'>sitirent,</span> <span class='ocrx_word' id='word_1_58' title='bbox 398 748 702 793; x_wconf 73' lang='lat' dir='ltr'>indubitanter</span> <span class='ocrx_word' id='word_1_59' title='bbox 753 757 947 808; x_wconf 86' lang='lat' dir='ltr'>peteret,</span> <span class='ocrx_word' id='word_1_60' title='bbox 994 747 1297 794; x_wconf 83' lang='lat' dir='ltr'>indubitanter</span> <span class='ocrx_word' id='word_1_61' title='bbox 1338 750 1535 796; x_wconf 83' lang='lat' dir='ltr'>hauriret</span> <span class='ocrx_word' id='word_1_62' title='bbox 1551 787 1562 808; x_wconf 92' lang='lat'>‚</span> 
     </span>
     <span class='ocr_line' id='line_1_10' title="bbox 161 819 1567 884; baseline 0.002 -18"><span class='ocrx_word' id='word_1_63' title='bbox 161 821 300 866; x_wconf 88' lang='lat' dir='ltr'>multa</span> <span class='ocrx_word' id='word_1_64' title='bbox 335 820 467 866; x_wconf 89' lang='lat' dir='ltr'>etiam</span> <span class='ocrx_word' id='word_1_65' title='bbox 507 836 597 865; x_wconf 90' lang='lat' dir='ltr'>non</span> <span class='ocrx_word' id='word_1_66' title='bbox 634 819 887 880; x_wconf 77' lang='lat' dir='ltr'>petentibus</span> <span class='ocrx_word' id='word_1_67' title='bbox 925 820 1245 879; x_wconf 65' lang='lat' dir='ltr'>funderentur,</span> <span class='ocrx_word' id='word_1_68' title='bbox 1283 837 1439 884; x_wconf 86' lang='lat' dir='ltr'>resque</span> <span class='ocrx_word' id='word_1_69' title='bbox 1473 823 1567 884; x_wconf 88' lang='lat' dir='ltr'>ipsa</span> 
     </span>
     <span class='ocr_line' id='line_1_11' title="bbox 164 889 1568 952; baseline 0.002 -15"><span class='ocrx_word' id='word_1_70' title='bbox 164 891 385 937; x_wconf 84' lang='lat' dir='ltr'>familiaris</span> <span class='ocrx_word' id='word_1_71' title='bbox 409 891 642 951; x_wconf 81' lang='lat' dir='ltr'>diligenter</span> <span class='ocrx_word' id='word_1_72' title='bbox 663 907 686 935; x_wconf 90' lang='lat' dir='ltr'>a</span> <span class='ocrx_word' id='word_1_73' title='bbox 710 891 794 936; x_wconf 90' lang='lat' dir='ltr'>tuis</span> <span class='ocrx_word' id='word_1_74' title='bbox 820 889 1097 952; x_wconf 80' lang='lat' dir='ltr'>fideliterque</span> <span class='ocrx_word' id='word_1_75' title='bbox 1120 891 1418 938; x_wconf 80' lang='lat' dir='ltr'>administrata</span> <span class='ocrx_word' id='word_1_76' title='bbox 1433 930 1444 949; x_wconf 87' lang='lat'>,</span> <span class='ocrx_word' id='word_1_77' title='bbox 1470 894 1568 941; x_wconf 80' lang='lat' dir='ltr'>ido-</span> 
     </span>
     <span class='ocr_line' id='line_1_12' title="bbox 163 962 1569 1023; baseline 0.003 -15"><span class='ocrx_word' id='word_1_78' title='bbox 163 979 290 1008; x_wconf 87' lang='lat' dir='ltr'>neam</span> <span class='ocrx_word' id='word_1_79' title='bbox 310 979 354 1008; x_wconf 86' lang='lat' dir='ltr'>se</span> <span class='ocrx_word' id='word_1_80' title='bbox 370 963 502 1007; x_wconf 57' lang='lat' dir='ltr'>‘tantis</span> <span class='ocrx_word' id='word_1_81' title='bbox 525 962 770 1023; x_wconf 82' lang='lat' dir='ltr'>sumptibus</span> <span class='ocrx_word' id='word_1_82' title='bbox 792 972 1076 1023; x_wconf 78' lang='lat' dir='ltr'>paratamque</span> <span class='ocrx_word' id='word_1_83' title='bbox 1088 964 1326 1023; x_wconf 63' lang='lat' dir='ltr'>praeberet,</span> <span class='ocrx_word' id='word_1_84' title='bbox 1343 975 1391 1010; x_wconf 90' lang='lat' dir='ltr'>tu</span> <span class='ocrx_word' id='word_1_85' title='bbox 1403 966 1569 1013; x_wconf 81' lang='lat' dir='ltr'>interea</span> 
     </span>
     <span class='ocr_line' id='line_1_13' title="bbox 164 1033 1569 1095; baseline 0.003 -16"><span class='ocrx_word' id='word_1_86' title='bbox 164 1035 329 1079; x_wconf 81' lang='lat' dir='ltr'>viveres</span> <span class='ocrx_word' id='word_1_87' title='bbox 352 1035 398 1078; x_wconf 88' lang='lat' dir='ltr'>in</span> <span class='ocrx_word' id='word_1_88' title='bbox 430 1033 716 1078; x_wconf 56' lang='lat' dir='ltr'>aedificiorum</span> <span class='ocrx_word' id='word_1_89' title='bbox 751 1034 1091 1095; x_wconf 79' lang='lat' dir='ltr'>exquisitissimis</span> <span class='ocrx_word' id='word_1_90' title='bbox 1113 1035 1331 1092; x_wconf 78' lang='lat' dir='ltr'>molibus,</span> <span class='ocrx_word' id='word_1_91' title='bbox 1357 1037 1402 1080; x_wconf 89' lang='lat' dir='ltr'>in</span> <span class='ocrx_word' id='word_1_92' title='bbox 1426 1037 1569 1083; x_wconf 79' lang='lat' dir='ltr'>nitore</span> 
     </span>
     <span class='ocr_line' id='line_1_14' title="bbox 164 1105 1567 1168; baseline 0.003 -18"><span class='ocrx_word' id='word_1_93' title='bbox 164 1105 421 1151; x_wconf 83' lang='lat' dir='ltr'>balnearum</span> <span class='ocrx_word' id='word_1_94' title='bbox 436 1141 446 1161; x_wconf 90' lang='lat'>,</span> <span class='ocrx_word' id='word_1_95' title='bbox 478 1105 525 1149; x_wconf 90' lang='lat' dir='ltr'>in</span> <span class='ocrx_word' id='word_1_96' title='bbox 547 1106 714 1150; x_wconf 86' lang='lat' dir='ltr'>tesseris</span> <span class='ocrx_word' id='word_1_97' title='bbox 743 1121 851 1166; x_wconf 88' lang='lat' dir='ltr'>quas</span> <span class='ocrx_word' id='word_1_98' title='bbox 865 1106 1069 1150; x_wconf 86' lang='lat' dir='ltr'>honestas</span> <span class='ocrx_word' id='word_1_99' title='bbox 1091 1122 1181 1151; x_wconf 93' lang='lat' dir='ltr'>non</span> <span class='ocrx_word' id='word_1_100' title='bbox 1205 1107 1393 1168; x_wconf 85' lang='lat' dir='ltr'>respuit,</span> <span class='ocrx_word' id='word_1_101' title='bbox 1420 1109 1466 1153; x_wconf 88' lang='lat' dir='ltr'>in</span> <span class='ocrx_word' id='word_1_102' title='bbox 1488 1126 1567 1154; x_wconf 87' lang='lat' dir='ltr'>ve-</span> 
     </span>
     <span class='ocr_line' id='line_1_15' title="bbox 165 1175 1564 1238; baseline 0.003 -17"><span class='ocrx_word' id='word_1_103' title='bbox 165 1176 340 1221; x_wconf 89' lang='lat' dir='ltr'>natibus</span> <span class='ocrx_word' id='word_1_104' title='bbox 357 1211 368 1232; x_wconf 89' lang='lat'>,</span> <span class='ocrx_word' id='word_1_105' title='bbox 399 1176 445 1220; x_wconf 90' lang='lat' dir='ltr'>in</span> <span class='ocrx_word' id='word_1_106' title='bbox 469 1176 698 1233; x_wconf 85' lang='lat' dir='ltr'>conviviis,</span> <span class='ocrx_word' id='word_1_107' title='bbox 724 1176 771 1220; x_wconf 91' lang='lat' dir='ltr'>in</span> <span class='ocrx_word' id='word_1_108' title='bbox 804 1192 877 1221; x_wconf 87' lang='lat' dir='ltr'>orc</span> <span class='ocrx_word' id='word_1_109' title='bbox 911 1175 1164 1234; x_wconf 80' lang='lat' dir='ltr'>clientium,</span> <span class='ocrx_word' id='word_1_110' title='bbox 1189 1178 1235 1221; x_wconf 88' lang='lat' dir='ltr'>in</span> <span class='ocrx_word' id='word_1_111' title='bbox 1269 1193 1344 1222; x_wconf 89' lang='lat' dir='ltr'>ore</span> <span class='ocrx_word' id='word_1_112' title='bbox 1373 1179 1535 1225; x_wconf 85' lang='lat' dir='ltr'>civium</span> <span class='ocrx_word' id='word_1_113' title='bbox 1551 1217 1564 1238; x_wconf 89' lang='lat'>,</span> 
     </span>
     <span class='ocr_line' id='line_1_16' title="bbox 163 1246 1564 1309; baseline 0.004 -17"><span class='ocrx_word' id='word_1_114' title='bbox 163 1248 209 1292; x_wconf 91' lang='lat' dir='ltr'>in</span> <span class='ocrx_word' id='word_1_115' title='bbox 232 1263 305 1293; x_wconf 91' lang='lat' dir='ltr'>ore</span> <span class='ocrx_word' id='word_1_116' title='bbox 328 1247 518 1308; x_wconf 86' lang='lat' dir='ltr'>denique</span> <span class='ocrx_word' id='word_1_117' title='bbox 540 1246 807 1308; x_wconf 88' lang='lat' dir='ltr'>populorum</span> <span class='ocrx_word' id='word_1_118' title='bbox 828 1247 1190 1303; x_wconf 84' lang='lat' dir='ltr'>humanissimus,</span> <span class='ocrx_word' id='word_1_119' title='bbox 1218 1248 1564 1309; x_wconf 82' lang='lat' dir='ltr'>liberalissimus,</span> 
     </span>
     <span class='ocr_line' id='line_1_17' title="bbox 165 1317 1567 1380; baseline 0.003 -17"><span class='ocrx_word' id='word_1_120' title='bbox 165 1317 503 1373; x_wconf 86' lang='lat' dir='ltr'>mundissimus,</span> <span class='ocrx_word' id='word_1_121' title='bbox 562 1317 954 1373; x_wconf 72' lang='lat' dir='ltr'>fortunatissimus,</span> <span class='ocrx_word' id='word_1_122' title='bbox 1017 1327 1068 1362; x_wconf 86' lang='lat' dir='ltr'>ut</span> <span class='ocrx_word' id='word_1_123' title='bbox 1124 1319 1245 1363; x_wconf 86' lang='lat' dir='ltr'>fuisti</span> <span class='ocrx_word' id='word_1_124' title='bbox 1262 1355 1273 1374; x_wconf 89' lang='lat'>,</span> <span class='ocrx_word' id='word_1_125' title='bbox 1320 1321 1567 1380; x_wconf 82' lang='lat' dir='ltr'>jactareris,</span> 
     </span>
     <span class='ocr_line' id='line_1_18' title="bbox 167 1388 1572 1455; baseline 0.004 -21"><span class='ocrx_word' id='word_1_126' title='bbox 167 1390 402 1452; x_wconf 88' lang='lat' dir='ltr'>quisquam</span> <span class='ocrx_word' id='word_1_127' title='bbox 437 1388 545 1444; x_wconf 87' lang='lat' dir='ltr'>tibi,</span> <span class='ocrx_word' id='word_1_128' title='bbox 578 1388 872 1443; x_wconf 85' lang='lat' dir='ltr'>Romaniane,</span> <span class='ocrx_word' id='word_1_129' title='bbox 911 1388 1052 1432; x_wconf 74' lang='lat' dir='ltr'>beatae</span> <span class='ocrx_word' id='word_1_130' title='bbox 1089 1388 1267 1434; x_wconf 87' lang='lat' dir='ltr'>alterius</span> <span class='ocrx_word' id='word_1_131' title='bbox 1298 1391 1427 1448; x_wconf 77' lang='lat' dir='ltr'>vitae,</span> <span class='ocrx_word' id='word_1_132' title='bbox 1470 1410 1572 1455; x_wconf 81' lang='lat' dir='ltr'>quae</span> 
     </span>
     <span class='ocr_line' id='line_1_19' title="bbox 168 1461 1572 1522; baseline 0.004 -15"><span class='ocrx_word' id='word_1_133' title='bbox 168 1461 259 1508; x_wconf 89' lang='lat' dir='ltr'>sola</span> <span class='ocrx_word' id='word_1_134' title='bbox 302 1462 431 1507; x_wconf 87' lang='lat' dir='ltr'>beata</span> <span class='ocrx_word' id='word_1_135' title='bbox 468 1469 556 1516; x_wconf 87' lang='lat' dir='ltr'>est,</span> <span class='ocrx_word' id='word_1_136' title='bbox 597 1461 853 1522; x_wconf 84' lang='lat' dir='ltr'>quisquam,</span> <span class='ocrx_word' id='word_1_137' title='bbox 899 1468 1081 1522; x_wconf 67' lang='lat' dir='ltr'>quaeso,</span> <span class='ocrx_word' id='word_1_138' title='bbox 1117 1463 1388 1508; x_wconf 87' lang='lat' dir='ltr'>mentionem</span> <span class='ocrx_word' id='word_1_139' title='bbox 1426 1464 1572 1512; x_wconf 87' lang='lat' dir='ltr'>facere</span> 
     </span>
     <span class='ocr_line' id='line_1_20' title="bbox 170 1531 1573 1593; baseline 0.003 -14"><span class='ocrx_word' id='word_1_140' title='bbox 170 1533 381 1579; x_wconf 78' lang='lat' dir='ltr'>auderet?</span> <span class='ocrx_word' id='word_1_141' title='bbox 403 1532 638 1593; x_wconf 84' lang='lat' dir='ltr'>quisquam</span> <span class='ocrx_word' id='word_1_142' title='bbox 662 1532 744 1577; x_wconf 85' lang='lat' dir='ltr'>tibi</span> <span class='ocrx_word' id='word_1_143' title='bbox 764 1531 1026 1593; x_wconf 86' lang='lat' dir='ltr'>persuadere</span> <span class='ocrx_word' id='word_1_144' title='bbox 1048 1543 1219 1593; x_wconf 80' lang='lat' dir='ltr'>posset,</span> <span class='ocrx_word' id='word_1_145' title='bbox 1246 1551 1337 1580; x_wconf 93' lang='lat' dir='ltr'>non</span> <span class='ocrx_word' id='word_1_146' title='bbox 1363 1535 1506 1582; x_wconf 90' lang='lat' dir='ltr'>solum</span> <span class='ocrx_word' id='word_1_147' title='bbox 1530 1547 1573 1584; x_wconf 89' lang='lat' dir='ltr'>te</span> 
     </span>
     <span class='ocr_line' id='line_1_21' title="bbox 170 1603 1574 1669; baseline 0.004 -19"><span class='ocrx_word' id='word_1_148' title='bbox 170 1604 343 1650; x_wconf 68' lang='lat' dir='ltr'>felicem</span> <span class='ocrx_word' id='word_1_149' title='bbox 374 1619 465 1649; x_wconf 91' lang='lat' dir='ltr'>non</span> <span class='ocrx_word' id='word_1_150' title='bbox 482 1619 594 1659; x_wconf 87' lang='lat' dir='ltr'>esse,</span> <span class='ocrx_word' id='word_1_151' title='bbox 620 1603 696 1647; x_wconf 89' lang='lat' dir='ltr'>sed</span> <span class='ocrx_word' id='word_1_152' title='bbox 717 1619 769 1648; x_wconf 91' lang='lat' dir='ltr'>eo</span> <span class='ocrx_word' id='word_1_153' title='bbox 792 1604 982 1649; x_wconf 77' lang='lat' dir='ltr'>maxime</span> <span class='ocrx_word' id='word_1_154' title='bbox 1013 1604 1246 1663; x_wconf 88' lang='lat' dir='ltr'>miserum,</span> <span class='ocrx_word' id='word_1_155' title='bbox 1273 1623 1362 1669; x_wconf 87' lang='lat' dir='ltr'>quo</span> <span class='ocrx_word' id='word_1_156' title='bbox 1392 1609 1472 1653; x_wconf 86' lang='lat' dir='ltr'>tibi</span> <span class='ocrx_word' id='word_1_157' title='bbox 1489 1610 1574 1655; x_wconf 89' lang='lat' dir='ltr'>mi-</span> 
     </span>
     <span class='ocr_line' id='line_1_22' title="bbox 171 1674 1576 1735; baseline 0.005 -15"><span class='ocrx_word' id='word_1_158' title='bbox 171 1676 289 1721; x_wconf 90' lang='lat' dir='ltr'>nime</span> <span class='ocrx_word' id='word_1_159' title='bbox 308 1674 540 1720; x_wconf 76' lang='lat' dir='ltr'>videreris?</span> <span class='ocrx_word' id='word_1_160' title='bbox 558 1677 685 1720; x_wconf 87' lang='lat' dir='ltr'>Nunc</span> <span class='ocrx_word' id='word_1_161' title='bbox 706 1690 810 1719; x_wconf 87' lang='lat' dir='ltr'>vero</span> <span class='ocrx_word' id='word_1_162' title='bbox 827 1690 960 1735; x_wconf 90' lang='lat' dir='ltr'>quam</span> <span class='ocrx_word' id='word_1_163' title='bbox 978 1685 1019 1719; x_wconf 92' lang='lat' dir='ltr'>te</span> <span class='ocrx_word' id='word_1_164' title='bbox 1037 1676 1227 1722; x_wconf 85' lang='lat' dir='ltr'>breviter</span> <span class='ocrx_word' id='word_1_165' title='bbox 1245 1677 1576 1728; x_wconf 87' lang='lat' dir='ltr'>admonendum</span> 
     </span>
     <span class='ocr_line' id='line_1_23' title="bbox 172 1745 1576 1807; baseline 0.004 -15"><span class='ocrx_word' id='word_1_166' title='bbox 172 1756 239 1793; x_wconf 90' lang='lat' dir='ltr'>tot</span> <span class='ocrx_word' id='word_1_167' title='bbox 266 1756 309 1792; x_wconf 89' lang='lat' dir='ltr'>et</span> <span class='ocrx_word' id='word_1_168' title='bbox 329 1755 472 1802; x_wconf 80' lang='lat' dir='ltr'>tanta,</span> <span class='ocrx_word' id='word_1_169' title='bbox 503 1762 603 1807; x_wconf 81' lang='lat' dir='ltr'>quae</span> <span class='ocrx_word' id='word_1_170' title='bbox 625 1745 842 1805; x_wconf 87' lang='lat' dir='ltr'>pertulisti</span> <span class='ocrx_word' id='word_1_171' title='bbox 877 1745 1054 1792; x_wconf 85' lang='lat' dir='ltr'>adversa</span> <span class='ocrx_word' id='word_1_172' title='bbox 1086 1748 1303 1794; x_wconf 85' lang='lat' dir='ltr'>fecerunt.</span> <span class='ocrx_word' id='word_1_173' title='bbox 1335 1754 1434 1796; x_wconf 86' lang='lat' dir='ltr'>Non</span> <span class='ocrx_word' id='word_1_174' title='bbox 1457 1753 1576 1799; x_wconf 90' lang='lat' dir='ltr'>enim</span> 
     </span>
     <span class='ocr_line' id='line_1_24' title="bbox 172 1815 1574 1881; baseline 0.003 -17"><span class='ocrx_word' id='word_1_175' title='bbox 172 1818 252 1864; x_wconf 90' lang='lat' dir='ltr'>tibi</span> <span class='ocrx_word' id='word_1_176' title='bbox 270 1817 419 1862; x_wconf 85' lang='lat' dir='ltr'>alienis</span> <span class='ocrx_word' id='word_1_177' title='bbox 441 1815 648 1877; x_wconf 88' lang='lat' dir='ltr'>exemplis</span> <span class='ocrx_word' id='word_1_178' title='bbox 668 1816 1023 1877; x_wconf 85' lang='lat' dir='ltr'>persuadendum</span> <span class='ocrx_word' id='word_1_179' title='bbox 1047 1828 1109 1863; x_wconf 85' lang='lat' dir='ltr'>est</span> <span class='ocrx_word' id='word_1_180' title='bbox 1126 1835 1260 1881; x_wconf 86' lang='lat' dir='ltr'>quam</span> <span class='ocrx_word' id='word_1_181' title='bbox 1283 1821 1399 1866; x_wconf 81' lang='lat' dir='ltr'>fluxa</span> <span class='ocrx_word' id='word_1_182' title='bbox 1417 1830 1461 1866; x_wconf 86' lang='lat' dir='ltr'>et</span> <span class='ocrx_word' id='word_1_183' title='bbox 1480 1822 1574 1869; x_wconf 88' lang='lat' dir='ltr'>fra-</span> 
     </span>
     <span class='ocr_line' id='line_1_25' title="bbox 174 1886 1574 1953; baseline 0.004 -19"><span class='ocrx_word' id='word_1_184' title='bbox 174 1889 299 1952; x_wconf 78' lang='lat' dir='ltr'>gilia,</span> <span class='ocrx_word' id='word_1_185' title='bbox 326 1897 369 1933; x_wconf 87' lang='lat' dir='ltr'>et</span> <span class='ocrx_word' id='word_1_186' title='bbox 390 1887 522 1949; x_wconf 89' lang='lat' dir='ltr'>plena</span> <span class='ocrx_word' id='word_1_187' title='bbox 542 1887 842 1933; x_wconf 85' lang='lat' dir='ltr'>calamitatum</span> <span class='ocrx_word' id='word_1_188' title='bbox 864 1889 951 1934; x_wconf 87' lang='lat' dir='ltr'>sint</span> <span class='ocrx_word' id='word_1_189' title='bbox 977 1891 1144 1947; x_wconf 88' lang='lat' dir='ltr'>omnia,</span> <span class='ocrx_word' id='word_1_190' title='bbox 1171 1908 1270 1953; x_wconf 85' lang='lat' dir='ltr'>quae</span> <span class='ocrx_word' id='word_1_191' title='bbox 1300 1886 1419 1939; x_wconf 83' lang='lat' dir='ltr'>bona</span> <span class='ocrx_word' id='word_1_192' title='bbox 1452 1911 1574 1948; x_wconf 53' lang='lat' dir='ltr'>mor-,</span> 
     </span>
     <span class='ocr_line' id='line_1_26' title="bbox 173 1959 1578 2025; baseline 0.006 -19"><span class='ocrx_word' id='word_1_193' title='bbox 173 1960 281 2006; x_wconf 86' lang='lat' dir='ltr'>tales</span> <span class='ocrx_word' id='word_1_194' title='bbox 299 1968 482 2020; x_wconf 82' lang='lat' dir='ltr'>putant,</span> <span class='ocrx_word' id='word_1_195' title='bbox 504 1975 606 2005; x_wconf 87' lang='lat' dir='ltr'>cum</span> <span class='ocrx_word' id='word_1_196' title='bbox 622 1959 683 2004; x_wconf 90' lang='lat' dir='ltr'>ita</span> <span class='ocrx_word' id='word_1_197' title='bbox 702 1975 753 2004; x_wconf 79' lang='lat' dir='ltr'>ex</span> <span class='ocrx_word' id='word_1_198' title='bbox 775 1959 921 2022; x_wconf 86' lang='lat' dir='ltr'>aliqua</span> <span class='ocrx_word' id='word_1_199' title='bbox 938 1971 1061 2022; x_wconf 84' lang='lat' dir='ltr'>parte</span> <span class='ocrx_word' id='word_1_200' title='bbox 1079 1962 1192 2007; x_wconf 89' lang='lat' dir='ltr'>bene</span> <span class='ocrx_word' id='word_1_201' title='bbox 1211 1974 1412 2025; x_wconf 85' lang='lat' dir='ltr'>expertus</span> <span class='ocrx_word' id='word_1_202' title='bbox 1426 1967 1480 2012; x_wconf 88' lang='lat' dir='ltr'>sis</span> <span class='ocrx_word' id='word_1_203' title='bbox 1493 2003 1503 2023; x_wconf 90' lang='lat'>,</span> <span class='ocrx_word' id='word_1_204' title='bbox 1524 1977 1578 2015; x_wconf 90' lang='lat' dir='ltr'>ut</span> 
     </span>
     <span class='ocr_line' id='line_1_27' title="bbox 175 2029 1573 2092; baseline 0.001 -16"><span class='ocrx_word' id='word_1_205' title='bbox 175 2047 227 2076; x_wconf 85' lang='lat' dir='ltr'>ex</span> <span class='ocrx_word' id='word_1_206' title='bbox 248 2040 290 2075; x_wconf 89' lang='lat' dir='ltr'>te</span> <span class='ocrx_word' id='word_1_207' title='bbox 312 2031 476 2076; x_wconf 80' lang='lat' dir='ltr'>caeteris</span> <span class='ocrx_word' id='word_1_208' title='bbox 500 2029 760 2091; x_wconf 87' lang='lat' dir='ltr'>persuadere</span> <span class='ocrx_word' id='word_1_209' title='bbox 782 2031 1012 2092; x_wconf 86' lang='lat' dir='ltr'>possimus.</span> <span class='ocrx_word' id='word_1_210' title='bbox 1570 2080 1573 2083; x_wconf 71' lang='grc'><strong><em>,</em></strong></span> 
     </span>
    </p>

    <p class='ocr_par' dir='ltr' id='par_1_3' title="bbox 177 2100 1581 2594">
     <span class='ocr_line' id='line_1_28' title="bbox 237 2100 1578 2167; baseline 0.007 -20"><span class='ocrx_word' id='word_1_211' title='bbox 237 2105 320 2148; x_wconf 90' lang='grc' dir='ltr'><strong>ΙΙΙ.</strong></span> <span class='ocrx_word' id='word_1_212' title='bbox 348 2101 467 2147; x_wconf 89' lang='lat' dir='ltr'>Illud</span> <span class='ocrx_word' id='word_1_213' title='bbox 487 2117 613 2161; x_wconf 82' lang='lat' dir='ltr'>ergo,</span> <span class='ocrx_word' id='word_1_214' title='bbox 638 2100 751 2147; x_wconf 87' lang='lat' dir='ltr'>illud</span> <span class='ocrx_word' id='word_1_215' title='bbox 772 2111 923 2160; x_wconf 86' lang='lat' dir='ltr'>tuum,</span> <span class='ocrx_word' id='word_1_216' title='bbox 949 2121 1038 2166; x_wconf 85' lang='lat' dir='ltr'>quo</span> <span class='ocrx_word' id='word_1_217' title='bbox 1061 2121 1230 2167; x_wconf 89' lang='lat' dir='ltr'>semper</span> <span class='ocrx_word' id='word_1_218' title='bbox 1252 2106 1411 2155; x_wconf 82' lang='lat' dir='ltr'>decora</span> <span class='ocrx_word' id='word_1_219' title='bbox 1433 2118 1477 2156; x_wconf 92' lang='lat' dir='ltr'>et</span> <span class='ocrx_word' id='word_1_220' title='bbox 1498 2111 1578 2157; x_wconf 81' lang='lat' dir='ltr'>ho-</span> 
     </span>
     <span class='ocr_line' id='line_1_29' title="bbox 177 2173 1581 2240; baseline 0.006 -20"><span class='ocrx_word' id='word_1_221' title='bbox 177 2184 298 2220; x_wconf 85' lang='lat' dir='ltr'>nesta</span> <span class='ocrx_word' id='word_1_222' title='bbox 327 2173 608 2232; x_wconf 80' lang='lat' dir='ltr'>desiderasti3</span> <span class='ocrx_word' id='word_1_223' title='bbox 634 2190 723 2235; x_wconf 81' lang='lat' dir='ltr'>quo</span> <span class='ocrx_word' id='word_1_224' title='bbox 744 2182 788 2219; x_wconf 89' lang='lat' dir='ltr'>te</span> <span class='ocrx_word' id='word_1_225' title='bbox 810 2173 1038 2221; x_wconf 86' lang='lat' dir='ltr'>liberalem</span> <span class='ocrx_word' id='word_1_226' title='bbox 1061 2177 1196 2237; x_wconf 80' lang='lat' dir='ltr'>magis</span> <span class='ocrx_word' id='word_1_227' title='bbox 1229 2195 1363 2240; x_wconf 86' lang='lat' dir='ltr'>quam</span> <span class='ocrx_word' id='word_1_228' title='bbox 1395 2180 1581 2230; x_wconf 82' lang='lat' dir='ltr'>divitem</span> 
     </span>
     <span class='ocr_line' id='line_1_30' title="bbox 178 2244 1578 2313; baseline 0.006 -23"><span class='ocrx_word' id='word_1_229' title='bbox 178 2262 269 2291; x_wconf 89' lang='lat' dir='ltr'>esse</span> <span class='ocrx_word' id='word_1_230' title='bbox 300 2244 521 2302; x_wconf 82' lang='lat' dir='ltr'>maluisti3</span> <span class='ocrx_word' id='word_1_231' title='bbox 556 2260 646 2306; x_wconf 90' lang='lat' dir='ltr'>quo</span> <span class='ocrx_word' id='word_1_232' title='bbox 684 2261 915 2306; x_wconf 83' lang='lat' dir='ltr'>nunquam</span> <span class='ocrx_word' id='word_1_233' title='bbox 948 2249 1194 2308; x_wconf 90' lang='lat' dir='ltr'>concupisti</span> <span class='ocrx_word' id='word_1_234' title='bbox 1228 2266 1318 2295; x_wconf 88' lang='lat' dir='ltr'>esse</span> <span class='ocrx_word' id='word_1_235' title='bbox 1355 2253 1578 2313; x_wconf 87' lang='lat' dir='ltr'>potentior</span> 
     </span>
     <span class='ocr_line' id='line_1_31' title="bbox 177 2317 1578 2388; baseline 0.007 -26"><span class='ocrx_word' id='word_1_236' title='bbox 177 2318 506 2379; x_wconf 74' lang='lat' dir='ltr'>quaiiijustior3</span> <span class='ocrx_word' id='word_1_237' title='bbox 526 2334 755 2378; x_wconf 84' lang='lat' dir='ltr'>nunquam</span> <span class='ocrx_word' id='word_1_238' title='bbox 776 2317 1109 2365; x_wconf 85' lang='lat' dir='ltr'>adversitatibus</span> <span class='ocrx_word' id='word_1_239' title='bbox 1130 2321 1578 2388; x_wconf 84' lang='lat' dir='ltr'>improbitatibusque</span> 
     </span>
     <span class='ocr_line' id='line_1_32' title="bbox 179 2387 1578 2452; baseline 0.006 -18"><span class='ocrx_word' id='word_1_240' title='bbox 179 2389 364 2444; x_wconf 88' lang='lat' dir='ltr'>cessisti,</span> <span class='ocrx_word' id='word_1_241' title='bbox 389 2387 501 2433; x_wconf 89' lang='lat' dir='ltr'>illud</span> <span class='ocrx_word' id='word_1_242' title='bbox 522 2387 687 2449; x_wconf 83' lang='lat' dir='ltr'>ipsum,</span> <span class='ocrx_word' id='word_1_243' title='bbox 712 2389 914 2451; x_wconf 85' lang='lat' dir='ltr'>inquam,</span> <span class='ocrx_word' id='word_1_244' title='bbox 939 2390 1061 2452; x_wconf 84' lang='lat' dir='ltr'>quod</span> <span class='ocrx_word' id='word_1_245' title='bbox 1078 2392 1124 2436; x_wconf 91' lang='lat' dir='ltr'>in</span> <span class='ocrx_word' id='word_1_246' title='bbox 1149 2402 1188 2437; x_wconf 92' lang='lat' dir='ltr'>te</span> <span class='ocrx_word' id='word_1_247' title='bbox 1211 2392 1410 2439; x_wconf 83' lang='lat' dir='ltr'>divinum</span> <span class='ocrx_word' id='word_1_248' title='bbox 1432 2399 1578 2444; x_wconf 79' lang='lat' dir='ltr'>nescio</span> 
     </span>
     <span class='ocr_line' id='line_1_33' title="bbox 180 2461 1578 2524; baseline 0.008 -19"><span class='ocrx_word' id='word_1_249' title='bbox 180 2476 270 2521; x_wconf 83' lang='lat' dir='ltr'>quo</span> <span class='ocrx_word' id='word_1_250' title='bbox 286 2461 388 2505; x_wconf 78' lang='lat' dir='ltr'>vitae</span> <span class='ocrx_word' id='word_1_251' title='bbox 403 2461 534 2521; x_wconf 87' lang='lat' dir='ltr'>hujus</span> <span class='ocrx_word' id='word_1_252' title='bbox 556 2476 710 2506; x_wconf 91' lang='lat' dir='ltr'>somno</span> <span class='ocrx_word' id='word_1_253' title='bbox 731 2471 1000 2524; x_wconf 82' lang='lat' dir='ltr'>veternoque</span> <span class='ocrx_word' id='word_1_254' title='bbox 1023 2463 1214 2524; x_wconf 85' lang='lat' dir='ltr'>sopitum</span> <span class='ocrx_word' id='word_1_255' title='bbox 1236 2475 1323 2521; x_wconf 87' lang='lat' dir='ltr'>est,</span> <span class='ocrx_word' id='word_1_256' title='bbox 1349 2468 1476 2514; x_wconf 84' lang='lat' dir='ltr'>variis</span> <span class='ocrx_word' id='word_1_257' title='bbox 1493 2469 1578 2518; x_wconf 88' lang='lat' dir='ltr'>illis</span> 
     </span>
     <span class='ocr_line' id='line_1_34' title="bbox 182 2531 1575 2594; baseline 0.008 -17"><span class='ocrx_word' id='word_1_258' title='bbox 182 2531 391 2593; x_wconf 85' lang='lat' dir='ltr'>durisque</span> <span class='ocrx_word' id='word_1_259' title='bbox 408 2533 717 2592; x_wconf 79' lang='lat' dir='ltr'>jactationibus</span> <span class='ocrx_word' id='word_1_260' title='bbox 740 2543 901 2579; x_wconf 78' lang='lat' dir='ltr'>secreta</span> <span class='ocrx_word' id='word_1_261' title='bbox 927 2535 1196 2594; x_wconf 65' lang='lat' dir='ltr'>providentia</span> <span class='ocrx_word' id='word_1_262' title='bbox 1219 2538 1404 2584; x_wconf 79' lang='lat' dir='ltr'>excitare</span> <span class='ocrx_word' id='word_1_263' title='bbox 1428 2539 1575 2588; x_wconf 82' lang='lat' dir='ltr'>decre·</span> 
     </span>
    </p>

    <p class='ocr_par' dir='ltr' id='par_1_4' title="bbox 325 2613 1353 2645">
     <span class='ocr_line' id='line_1_35' title="bbox 325 2613 1353 2645; baseline 0.001 0"><span class='ocrx_word' id='word_1_264' title='bbox 325 2615 448 2645; x_wconf 75' lang='lat' dir='ltr'>cvm.</span> <span class='ocrx_word' id='word_1_265' title='bbox 1330 2613 1353 2632; x_wconf 69' lang='lat'>³³</span> 
     </span>
    </p>
   </div>
   <div class='ocr_carea' id='block_1_3' title="bbox 1331 2633 1354 2650">
    <p class='ocr_par' dir='ltr' id='par_1_5' title="bbox 1331 2633 1354 2650">
     <span class='ocr_line' id='line_1_36' title="bbox 1331 2633 1354 2650; baseline 0 0"><span class='ocrx_word' id='word_1_266' title='bbox 1331 2633 1354 2650; x_wconf 69' lang='lat' dir='ltr'>‚e-</span> 
     </span>
    </p>
   </div>
  </div>
 </body>
</html>
