1852 3163
627 185 754 221 unm
785 188 839 218 m:
872 188 1004 218 usim
1039 184 1154 218 vri-x.
1494 176 1569 216 141

740 327 1013 377 Conclusio.

240 469 446 513 XXXVI.
481 468 627 523 ERGO,
652 466 858 528 inquam,
884 465 1091 528 quoniam
1115 464 1272 509 modus
1290 463 1380 525 ipse
1398 480 1475 509 nos
1498 464 1578 510 ad·-

182 548 352 595 monet‚
378 538 625 584 convivium
649 538 796 600 aliquo
819 537 1049 583 intervallo
1076 536 1249 581 dierum
1283 536 1575 596 distinguere,

182 620 367 673 quantas
395 627 475 672 pro
501 610 667 656 viribus
700 627 875 672 possum
902 611 1057 671 gratias
1081 626 1163 671 ago
1198 625 1369 655 summo
1398 619 1441 654 et
1478 625 1582 654 vero

183 686 275 728 Deo
296 683 408 744 patri
429 684 616 730 Domino
638 683 865 730 liberatori
882 684 1142 730 animarum.
1169 683 1337 728 Deinde
1358 683 1481 728 vobis
1504 683 1582 744 qui

184 753 460 800 concorditer
482 755 674 813 invitati,
703 755 853 801 multis
876 757 1007 802 etiam
1028 772 1098 801 me
1121 754 1353 802 cumulatis
1383 755 1580 800 muneri-

183 826 281 872 bus.
303 829 414 873 Nam
435 836 609 873 tantum
636 828 683 873 in
716 838 916 874 nostrum
953 843 1199 874 sermonem
1220 826 1488 883 contulistis,
1530 835 1582 871 ut

184 914 255 943 me
287 914 446 959 negare
469 915 560 945 non
588 900 774 961 possim,
799 900 854 946 ab
888 900 1076 945 invitatis
1105 900 1212 945 meis
1245 915 1336 945 esse
1359 899 1580 944 satiatum.

186 970 268 1015 Hic
303 970 504 1016 omnibus
538 971 832 1031 gaudentibus
870 980 914 1016 et
952 970 1236 1016 laudantibus
1258 974 1422 1016 Deum:
1443 972 1587 1023 Quam

183 1040 342 1087 vellem
353 1077 364 1098 ,
384 1043 530 1105 inquit
543 1044 771 1103 Trygetius
785 1079 796 1100 ,
813 1044 897 1089 hoc
911 1042 1045 1089 modo
1058 1059 1137 1088 nos
1155 1043 1353 1105 quotidie
1368 1057 1581 1103 pasceres.

184 1113 343 1159 Modus
357 1150 368 1170 ‚
383 1115 566 1176 inquam
579 1150 590 1171 ‚
605 1115 678 1160 ille
699 1115 867 1177 ubique
885 1114 1122 1161 servandus
1136 1125 1221 1171 est,
1245 1115 1413 1176 ubique
1430 1129 1586 1158 aman-

186 1184 289 1241 duS‚
314 1186 348 1230 si
361 1186 486 1231 vobis
508 1186 629 1231 cordi
652 1196 716 1232 est
736 1186 793 1231 ad
815 1191 955 1233 Deum
976 1185 1141 1233 reditus
1163 1196 1326 1233 noster.
1357 1186 1433 1232 His
1460 1185 1586 1231 dictis

187 1256 304 1304 facto
321 1258 627 1320 disputationis
650 1259 765 1317 fine,
788 1258 1073 1306 discessimus.
