1888 3168
716 179 772 207 DE
803 176 959 206 MssmA
993 178 1075 205 Lm.
1112 180 1142 205 1.
1545 166 1630 206 345

227 250 396 295 minore
418 250 468 295 fit
485 249 645 310 major,
663 256 878 294 vocentur
895 245 1168 306 complicati:
1185 246 1250 291 illi
1273 256 1419 293 autem
1442 247 1632 308 sesquati

227 322 364 367 veteri
379 323 471 383 jam
498 319 692 365 nomine.
718 321 828 365 Nam
856 333 1011 379 sesque
1034 316 1314 377 appellantur
1335 318 1414 362 ubi
1437 318 1526 363 duo
1546 335 1633 363 nu-

227 395 338 439 meri
363 393 419 439 ad
439 408 485 438 se
506 407 556 438 ea
577 391 747 436 ratione
765 391 911 436 affecti
934 399 1058 446 sunt,
1078 397 1130 433 ut
1153 398 1219 434 tot
1239 398 1384 449 partes
1400 390 1562 436 habeat
1579 390 1635 436 ad

228 466 445 511 minorem
460 464 601 525 major
617 497 629 519 ,
651 472 786 524 quota
802 472 927 523 parte
949 462 1016 507 sui
1033 477 1135 506 eum
1156 460 1388 521 praecedit:
1405 477 1509 505 nam
1524 463 1558 506 si
1572 472 1636 507 est

229 539 312 583 tria
334 538 390 583 ad
412 536 525 592 duo,
543 535 671 580 tertia
692 545 817 596 parte
847 536 914 580 sui
941 533 1151 595 praecedit
1173 535 1312 595 major
1335 534 1578 592 minorem3
1603 536 1637 579 si

227 619 422 671 quatuor
457 608 515 653 ad
535 607 640 660 tria,
657 616 813 669 quarta
831 628 842 665 3
859 607 893 652 si
917 605 1115 668 quinque
1138 604 1193 651 ad
1215 614 1429 666 quatuor,
1456 606 1609 667 quinta
1623 642 1633 662 ,

229 691 364 743 atque
386 680 446 726 ita
468 679 675 741 deinceps
693 699 701 725 :
721 679 873 724 eadem
888 679 999 724 ratio
1018 688 1082 724 est
1095 715 1106 735 ‚
1134 687 1178 723 et
1196 679 1243 722 in
1264 693 1337 722 sex
1355 677 1411 722 ad
1427 687 1634 738 quatuor,

225 763 327 799 octo
345 752 402 798 ad
428 768 499 799 sex
512 789 523 809 ‚
545 751 700 798 decem
713 751 769 797 ad
787 760 910 810 θεῖος
927 761 971 796 et
986 750 1089 796 inde
1105 750 1209 796 licet
1229 751 1345 795 banc
1367 750 1581 795 rationem
1593 751 1639 795 in

226 824 598 886 consequentibus
621 833 665 869 et
681 822 726 868 in
744 823 983 886 majoribus
1002 822 1195 867 numeris
1211 821 1559 867 animadvertere
1573 830 1640 866 at-

226 912 314 959 que
335 895 576 957 explorare.
602 895 800 941 Nominis
823 904 974 940 autem
994 895 1128 955 hujus
1154 893 1370 952 originem
1401 908 1493 938 non
1512 892 1640 937 facile

227 968 410 1015 dixerim
424 1004 436 1026 ‚
460 968 543 1014 nisi
565 966 680 1013 forte
702 983 857 1030 sesque
879 967 1061 1029 quasise
1080 966 1247 1028 absque
1270 964 1462 1021 dictum,
1490 964 1537 1009 id
1551 974 1637 1021 est,

226 1042 391 1103 absque
410 1055 454 1085 se
467 1076 478 1097 ,
504 1039 606 1101 quia
629 1039 829 1102 quinque
850 1039 907 1085 ad
923 1049 1116 1101 quatuor
1129 1074 1139 1094 ‚
1157 1038 1325 1100 absque
1346 1038 1501 1100 quinta
1517 1046 1641 1098 parte

225 1129 303 1159 sua
330 1114 469 1174 major
495 1112 580 1156 hoc
607 1120 672 1156 est
700 1110 824 1173 quod
851 1111 1016 1157 minor:
1042 1110 1209 1173 quibus
1241 1110 1296 1155 de
1330 1110 1464 1155 rebus
1490 1125 1642 1171 quaero

223 1184 334 1247 quid
347 1184 427 1230 tibi
443 1183 658 1229 videatur.
679 1186 732 1228 D.
760 1183 871 1230 Mihi
890 1198 995 1229 vero
1017 1193 1062 1229 et
1083 1183 1158 1228 illa
1181 1183 1293 1228 ratio
1311 1182 1641 1228 dimensionum

224 1268 358 1319 atque
379 1271 667 1302 numerorum
685 1253 862 1302 videtur
882 1256 1107 1301 verissima
1120 1291 1130 1311 ‚
1153 1265 1196 1300 et
1210 1253 1429 1301 vocabula
1447 1269 1549 1315 quae
1565 1253 1642 1299 abs

227 1340 269 1374 te
289 1330 491 1390 imposita
512 1338 638 1384 sunt,
669 1342 865 1386 congrua
886 1328 994 1372 mihi
1020 1327 1230 1372 videntur
1246 1325 1643 1372 commemorandis

226 1403 285 1446 eis
309 1401 441 1445 rebus
463 1416 574 1461 quas
588 1399 907 1455 intelleximus,
934 1408 977 1443 et
997 1400 1130 1460 hujus
1155 1400 1279 1459 origo
1301 1398 1491 1444 nominis
1508 1413 1643 1459 quam

226 1489 346 1518 nunc
369 1471 620 1532 explicasti,
639 1486 730 1515 non
757 1479 822 1515 est
839 1469 1051 1527 absurda,
1070 1470 1237 1515 etiamsi
1260 1469 1374 1516 forte
1392 1486 1482 1516 non
1505 1486 1555 1515 ea
1589 1469 1643 1515 sit

226 1560 361 1606 quam
377 1553 552 1590 secutus
575 1551 662 1599 est,
683 1542 762 1603 qui
788 1543 874 1588 hoc
896 1558 1061 1588 nomen
1083 1542 1288 1588 instituit.

229 1702 767 1721 ummmmmmmlvwxmmx
773 1703 911 1723 WWW
918 1703 1129 1720 WM'WEQWQR
1135 1703 1637 1721 mmmmmwvtvmx

757 1825 976 1877 CAPUT
1024 1828 1113 1877 XI.

228 1974 396 2022 illotas
428 1984 475 2021 et
505 1988 734 2020 numerus
777 1977 826 2020 in
865 1975 1103 2036 insznz'twn
1136 1973 1460 2038 progrediens
1493 1983 1546 2021 ut
1578 1974 1649 2021 ael

578 2054 765 2091 certam
771 2045 1001 2108 formam
1026 2053 1291 2093 coercetur.

291 2193 461 2237 XVIII.
496 2194 558 2237 M.
595 2194 740 2237 PROBO
763 2200 807 2236 et
828 2192 996 2252 accipio
1018 2194 1282 2238 sententiam
1309 2202 1430 2238 tuam
1449 2213 1456 2239 :
1478 2192 1554 2238 sed
1577 2193 1645 2239 vi-

231 2263 389 2309 des-ne
413 2279 565 2309 omnes
587 2264 690 2309 istos
708 2263 988 2309 rationabiles
1008 2274 1175 2321 motus,
1198 2264 1244 2309 id
1267 2275 1354 2321 est,
1377 2265 1455 2327 qui
1483 2265 1537 2310 ad
1555 2281 1646 2310 sese

201 2360 204 2363 ·
232 2336 400 2382 habent
428 2336 622 2398 aliquam
649 2352 938 2382 numerorum
972 2335 1316 2393 dimensionem,
1352 2338 1396 2381 in
1421 2337 1646 2382 infinitum

233 2423 358 2470 posse
379 2423 458 2468 per
474 2424 680 2455 numeros
694 2410 900 2470 pergere,
917 2409 999 2453 nisi
1015 2425 1162 2454 rursus
1177 2425 1248 2454 eos
1263 2418 1381 2454 certa
1399 2410 1508 2454 ratio
1522 2413 1647 2454 co'er-

234 2479 396 2535 cuerit,
423 2489 468 2525 et
489 2479 545 2524 ad
567 2481 807 2541 quemdam
832 2480 1016 2525 modum
1038 2481 1317 2542 formamque
1343 2481 1610 2527 revocaverit
1629 2482 1647 2526 P

233 2554 343 2600 Nam
359 2561 407 2598 ut
430 2552 572 2613 primo
596 2552 651 2600 de
673 2554 772 2614 ipsis
796 2551 1041 2614 aequalibus
1057 2552 1222 2610 dicam,
1241 2569 1381 2599 unum
1407 2553 1461 2601 ad
1476 2569 1614 2598 unum
1631 2589 1642 2610 ,
