1852 3163
256 190 335 226 192
686 197 718 221 5.
757 193 988 221 1000511151
1023 192 1203 219 0111500111

249 265 353 323 cipit
383 262 456 306 1.)οὶ
486 260 638 306 ordine
663 269 814 304 natum
837 258 998 303 malum
1019 257 1181 312 videri,
1199 263 1241 300 et
1260 255 1638 300 malorumaucto-

250 350 339 378 rem
363 337 501 377 Deum
525 331 751 376 fateberis:
778 346 866 390 quo
888 328 1111 387 sacrilegio
1134 325 1549 372 mihidetestabilius
1570 325 1638 369 ni-

246 405 308 450 hil
323 404 525 449 occurrit.
548 402 678 457 Quod
697 417 797 446 cum
810 401 896 444 sive
914 416 1003 444 non
1026 397 1311 458 intelligenti,
1329 397 1416 441 sive
1436 395 1638 440 dissimu-

244 477 353 521 lanti
375 493 419 521 50
452 474 711 520 intellexisse
734 487 951 518 versarem
972 471 1128 531 saepius
1144 480 1187 514 et
1215 469 1502 524 revolverem,
1528 467 1639 512 nihil

246 548 400 592 hahuit
417 545 537 608 quod
556 545 739 599 diceret,
755 553 854 588 etse
873 543 1045 587 silentio
1060 541 1196 586 dedit.
1216 544 1328 585 Tum
1341 549 1478 584 mater
1494 558 1502 584 :
1522 541 1634 598 Ego,

243 619 410 679 inquit,
436 633 526 662 non
549 625 656 677 puto
679 614 789 658 nihil
810 614 1002 674 potuisse
1017 622 1175 673 praeter
1196 612 1274 656 Dei
1298 611 1495 656 ordinem
1512 609 1605 654 fieri
1623 645 1633 665 ,

244 690 347 750 quia
363 690 504 749 ipsum
518 686 683 732 malum
699 684 819 747 quod
833 694 986 729 natum
1000 693 1063 728 est
1075 720 1085 739 ,
1102 682 1225 728 nullo
1240 682 1372 727 modo
1389 681 1468 726 Dei
1485 680 1637 726 ordine

243 771 399 806 natum
421 770 506 815 est,
533 758 609 804 sed
632 758 703 802 illa
717 757 883 818 justitia
909 756 955 800 id
978 755 1277 801 inordinatum
1294 769 1384 798 esse
1406 768 1498 798 non
1514 752 1632 808 sivit,

243 844 287 878 et
309 833 355 877 in
372 833 451 877 sibi
477 832 682 876 meritum
701 829 901 875 ordinem
924 827 1092 887 redegit
1113 837 1157 872 et
1178 828 1406 889 compulit.

302 907 465 948 xxiv.
503 903 584 948 Hic
603 917 681 960 ego
703 917 804 947 cum
829 917 978 945 omnes
996 916 1219 945 cernerem
1235 900 1566 957 studiosissime,
1589 918 1637 946 ac

244 992 322 1036 pro
352 976 438 1019 suis
462 989 684 1036 quemque
707 973 871 1017 virilius
895 976 1036 1017 Deum
1072 988 1290 1033 quaerere,
1317 973 1391 1017 sed
1418 973 1561 1033 ipsum
1583 971 1637 1016 (le

241 1065 330 1109 quo
353 1048 586 1106 agebamus
612 1044 811 1090 ordinem
834 1061 923 1090 non
960 1054 1126 1100 tenere,
1157 1061 1246 1106 quo
1267 1044 1322 1089 ad
1344 1043 1459 1089 illius
1482 1044 1638 1088 ineffa-

242 1119 338 1163 bilis
352 1118 584 1178 majestatis
599 1116 931 1175 intelligentiam
944 1116 1217 1176 pervenitur:
1233 1119 1320 1161 Oro
1334 1132 1426 1172 vos,
1438 1116 1633 1177 inquam,

241 1191 271 1236 si
291 1226 300 1245 ,
327 1199 377 1234 ut
398 1188 547 1244 video,
575 1186 768 1232 multum
791 1186 969 1246 diligitis
992 1186 1212 1243 ordinem,
1229 1203 1284 1231 ne
1306 1204 1385 1233 1105
1405 1195 1638 1248 praeposte-

241 1278 310 1306 ros
333 1271 375 1305 et
398 1259 666 1304 inordinatos
692 1273 781 1301 esse
794 1258 1036 1317 patiamini.
1059 1260 1322 1319 Quanquam
1344 1259 1462 1304 enim
1485 1256 1636 1303 occul-

244 1333 400 1377 tissima
425 1331 533 1374 ratio
556 1345 599 1373 se
613 1328 1010 1373 demonstraturam
1033 1329 1314 1388 polliceatur,
1343 1328 1454 1373 nihil
1481 1338 1638 1388 praeter

239 1404 439 1448 divinum
467 1401 665 1446 ordinem
698 1399 817 1443 fieri:
858 1408 1006 1443 tamen
1031 1399 1064 1442 si
1093 1400 1344 1459 quempiam
1381 1398 1636 1457 ludimagis-

243 1485 357 1520 trum
373 1473 622 1518 audiremus
634 1507 644 1527 ,
662 1479 895 1516 conantem
908 1469 1064 1514 docere
1077 1485 1263 1529 puerum
1276 1469 1464 1528 syllabas
1476 1506 1486 1526 ,
1505 1485 1636 1530 quem

239 1548 359 1608 prius
375 1546 540 1590 litteras
554 1559 683 1588 nemo
697 1541 938 1597 docuisset,
960 1558 1049 1586 non
1063 1541 1161 1586 dico
1173 1540 1407 1586 ridendum
1427 1551 1637 1602 tanquam

240 1618 450 1673 stultum,
471 1616 547 1661 sed
577 1613 864 1660 vinciendum
886 1623 1096 1674 tanquam
1127 1610 1340 1657 furiosum
1357 1622 1633 1673 putaremus,

239 1706 330 1735 11011
352 1689 409 1734 ob
443 1687 584 1742 aliud,
611 1685 787 1746 opinor,
814 1685 895 1729 nisi
932 1683 1055 1745 quod
1089 1683 1278 1729 docendi
1314 1684 1511 1729 ordinem
1546 1700 1637 1730 non

240 1770 423 1806 teneret.
449 1762 506 1804 At
530 1758 670 1802 multa
693 1756 794 1801 talia
821 1765 864 1800 et
885 1756 1112 1816 imperitos
1129 1792 1140 1812 ,
1161 1772 1261 1816 quae
1285 1772 1308 1800 a
1330 1756 1468 1801 doctis
1487 1771 1635 1816 repre-

239 1830 491 1877 hendantur
514 1845 562 1873 ac
578 1827 859 1872 derideantur
870 1862 881 1881 ,
903 1835 946 1870 et
963 1826 1186 1870 dementes
1202 1827 1402 1871 homines
1416 1862 1426 1881 ,
1443 1842 1542 1887 quae
1555 1842 1635 1872 nec

240 1901 473 1946 stultorum
492 1898 711 1960 judicium
745 1896 944 1955 fugiunt,
966 1896 1109 1941 facere
1127 1912 1256 1942 nemo
1279 1897 1485 1956 ambigit:
1504 1906 1548 1942 et
1570 1907 1636 1942 ta·-

240 1988 342 2017 men
378 1971 509 2015 etiam
542 1969 622 2013 ista
644 1967 791 2012 omnia
814 1983 913 2027 quae
948 1966 1136 2012 fatemur
1173 1984 1264 2012 esse
1285 1983 1509 2028 perversa,
1545 1984 1636 2013 non

241 2060 331 2089 0550
355 2051 512 2104 praeter
533 2040 733 2085 divinum
756 2038 976 2095 ordinem,
1003 2039 1089 2084 alta
1112 2039 1315 2101 quaedam
1338 2049 1382 2084 et
1399 2056 1422 2084 a
1440 2038 1636 2084 multitu-

242 2116 354 2161 dinis
375 2113 445 2158 vel
467 2112 711 2173 suspicione
734 2111 1017 2156 remotissima
1040 2111 1268 2172 disciplina
1284 2146 1295 2167 ,
1321 2127 1364 2156 se
1383 2111 1442 2155 ita
1464 2111 1634 2156 studio-

242 2188 296 2231 sis
319 2196 362 2230 et
379 2189 517 2230 Deum
540 2194 670 2244 atque
684 2183 846 2227 animas
869 2192 1041 2227 tantum
1065 2183 1312 2228 amantibus
1323 2182 1477 2228 animis
1492 2183 1634 2228 mani-

243 2258 494 2302 festaturam
519 2270 608 2299 0550
630 2254 867 2314 promittit,
894 2264 943 2298 ut
966 2270 1052 2298 11011
1077 2254 1203 2303 nobis
1223 2269 1403 2298 summae
1425 2269 1634 2299 numero-

244 2345 340 2375 rum
362 2328 527 2389 possint
548 2341 638 2372 esse
659 2325 877 2371 certiores.
