1852 3163
542 221 707 254 CONTRA
740 222 1001 253 ACADEMICOS
1035 223 1159 253 LIBER
1190 223 1257 250 111.
1511 212 1594 251 105

263 292 380 339 XLI.
395 290 564 336 Deinde
581 290 625 334 in
639 299 836 335 nostrum
856 289 1049 335 Tullium
1062 289 1285 334 conflictio
1307 289 1386 334 ista
1401 287 1591 346 duravit,

199 365 291 425 jam
312 363 441 425 plane
465 363 609 408 saucia
633 373 676 408 et
687 363 843 408 ultimo
861 361 1181 423 spiritulatinas
1193 360 1358 405 litteras
1371 361 1591 407 inflatura.

203 439 313 482 Nam
336 435 446 481 nihil
461 435 569 480 mihi
584 435 758 480 videtur
776 435 970 480 inflatius
986 470 997 492 ,
1021 449 1154 496 quam
1173 443 1263 478 tam
1283 433 1422 478 multa
1444 435 1596 495 copio-

203 508 368 553 sissime
380 517 512 569 atque
527 507 796 552 ornatissime
807 507 1064 563 dicere,non
1077 506 1136 551 ita
1147 505 1599 560 sentientemQuibus

203 588 352 624 tamen
372 578 513 624 ventis
536 578 706 624 faeneus
734 578 808 624 ille
838 579 1088 625 Platonicus
1119 578 1362 622 Antiochus
1396 577 1512 633 satis,
1548 588 1598 622 ut

202 650 311 695 mihi
331 649 523 705 videtur,
550 649 783 711 dissipatus
811 659 943 711 atque
963 649 1180 711 dispersus
1202 658 1280 693 est.
1307 651 1416 695 Nam
1429 648 1597 709 Epicu-

202 736 378 767 reorum
400 735 547 780 greges
568 721 614 766 in
643 721 797 766 animis
822 721 1128 767 deliciosorum
1156 718 1422 782 populorum
1453 720 1598 780 aprica

201 792 373 839 stabula
394 802 651 854 posuerunt.
690 795 864 854 Quippe
898 794 1141 839 Antiochus
1174 791 1367 838 Philonis
1397 790 1594 849 auditor,

200 864 388 909 hominis
407 873 624 925 quantum
646 864 834 910 arbitror
855 863 1275 925 circumspectissimi
1293 899 1303 919 ‚
1327 863 1404 924 qui
1415 863 1506 924 jam
1522 879 1599 908 ve-

201 934 285 980 luti
312 936 478 997 aperire
510 935 768 981 cedentibus
795 937 995 982 hostibus
1026 945 1174 996 portas
1212 943 1431 996 coeperat,
1469 943 1513 979 et
1543 933 1599 980 ad

203 1006 400 1051 Platonis
441 1007 748 1052 auctoritatem
782 1008 1066 1053 Academiam
1104 1007 1311 1069 legesque
1355 1021 1558 1051 revocare
1587 1025 1595 1051 :

200 1093 457 1139 quanquam
479 1088 523 1123 et
543 1077 820 1124 Metrodorus
842 1078 888 1123 id
911 1089 1036 1124 antea
1057 1079 1201 1124 facere
1223 1087 1468 1124 tentaverat
1486 1114 1496 1135 ,
1522 1078 1600 1139 qui

200 1149 367 1211 primus
393 1149 555 1194 dicitur
572 1165 663 1194 esse
680 1150 918 1206 confessus,
944 1166 1035 1195 non
1057 1151 1234 1195 decreto
1251 1149 1463 1210 placuisse
1485 1153 1599 1195 Aca-

200 1219 380 1264 demicis
409 1219 522 1264 nihil
553 1236 676 1281 posse
706 1221 1046 1281 comprehendi,
1080 1220 1157 1266 sed
1185 1221 1424 1266 necessario
1447 1230 1601 1266 contra

202 1292 373 1336 Stoicos
391 1290 648 1351 hujusmodi
672 1306 745 1336 eos
760 1307 879 1336 arma
901 1292 1150 1352 sumpsisse.
1173 1292 1317 1350 Igitur
1337 1292 1599 1347 Antiochus,

199 1371 251 1407 ut
267 1362 542 1407 institueram
556 1361 716 1418 dicere,
733 1362 891 1407 auditis
906 1363 1091 1408 Philone
1109 1362 1388 1419 Academico,
1407 1373 1450 1408 et
1471 1366 1600 1409 Mne-

200 1434 353 1478 sarcho
384 1435 532 1479 Stoico
554 1433 601 1477 in
633 1434 914 1479 Academiam
943 1443 1152 1490 veterem,
1173 1435 1296 1496 quasi
1317 1449 1499 1480 vacuam
1521 1434 1601 1479 de-

199 1504 462 1562 fensoribus,
490 1515 534 1550 et
556 1507 680 1567 quasi
694 1506 820 1551 nullo
842 1507 967 1552 hoste
990 1522 1203 1562 securam,
1224 1506 1348 1552 velut
1365 1506 1540 1568 adjutor
1558 1516 1602 1552 et

201 1577 304 1622 civis
330 1577 561 1638 irrepserat
578 1614 588 1634 ‚
618 1579 765 1623 nescio
798 1579 908 1640 quid
932 1578 1122 1623 inferens
1151 1577 1256 1622 mali
1274 1578 1329 1623 de
1353 1581 1601 1623 Stoicorum

201 1647 437 1704 cineribus,
455 1648 577 1709 quod
599 1648 794 1694 Platonis
818 1649 949 1708 adyta
966 1649 1165 1694 violaret.
1191 1648 1276 1694 Sed
1294 1649 1398 1694 huic
1421 1651 1603 1711 arreptis

200 1719 361 1764 iterum
388 1719 471 1764 illis
500 1720 630 1764 armis
653 1729 696 1764 et
725 1720 885 1765 Philon
916 1721 1076 1765 restitit
1103 1720 1244 1765 donec
1266 1731 1532 1778 moreretur,
1560 1732 1603 1766 et

201 1806 351 1836 omnes
365 1792 457 1852 ejus
479 1790 685 1852 reliquias
711 1791 881 1836 Tullius
903 1801 1051 1837 noster
1075 1793 1305 1852 oppressit,
1327 1808 1370 1837 se
1395 1793 1495 1838 vivo
1517 1793 1602 1838 im-

199 1863 371 1924 patiens
392 1862 647 1908 labefactari
674 1862 745 1908 vel
770 1863 1059 1908 contaminari
1081 1862 1299 1924 quidquid
1332 1865 1557 1910 amavisset
1589 1886 1598 1911 ε

201 1934 311 1980 adeo
329 1944 428 1995 post
441 1934 516 1980 illa
533 1944 725 1995 tempora
740 1951 829 1980 non
841 1935 975 1995 longo
985 1935 1216 1981 intervallo
1231 1937 1351 1981 omni
1363 1937 1602 1997 pervicacia

200 2006 530 2068 pertinaciaque
559 2006 805 2063 demortua,
833 2023 880 2052 os
900 2006 1011 2052 illud
1031 2007 1226 2052 Platonis
1248 2008 1372 2069 quod
1392 2009 1438 2053 in
1455 2008 1604 2069 philo—

202 2078 352 2138 sophia
373 2078 733 2138 purgatissimum
755 2088 819 2123 cst
842 2088 885 2123 et
906 2078 1244 2135 lucidissimum,
1272 2078 1448 2124 dimotis
1466 2080 1601 2124 nubi-
1643 2129 1648 2135 ,

202 2150 283 2195 bus
311 2150 482 2206 erroris,
509 2151 714 2207 emicuit,
740 2150 928 2195 maxime
951 2151 998 2195 in
1022 2151 1220 2208 Plotino,
1246 2152 1323 2213 qui
1353 2152 1601 2198 Platonicus

202 2219 489 2281 philosophus
517 2221 577 2266 ita
610 2222 701 2282 ejus
735 2221 885 2266 similis
908 2221 1130 2282 judicatus
1161 2232 1248 2278 est,
1279 2233 1329 2268 ut
1364 2223 1493 2268 simul
1526 2240 1599 2269 eos

204 2292 371 2347 vixisse,
394 2301 567 2337 tantum
589 2301 738 2338 autem
760 2292 940 2338 interest
962 2293 1170 2354 temporis
1189 2303 1239 2339 ut
1257 2294 1302 2339 in
1326 2294 1410 2340 hoc
1435 2294 1507 2340 illc
1532 2311 1603 2341 re-

202 2363 355 2409 vixisse
376 2361 598 2423 putandus
616 2364 686 2409 sit.
