1888 3168
268 231 349 267 562
698 242 732 268 s.
769 239 999 268 Auous'rim
1032 240 1213 267 Eriscoi‘i

261 304 435 347 lunturz
457 317 589 360 quam
610 301 756 347 lucem
776 303 830 347 de
848 304 976 348 rebus
998 302 1240 347 visibilibus
1258 304 1427 348 consuli
1446 303 1648 359 latemur,

265 381 315 416 ut
336 387 407 416 eas
425 371 553 417 uobis
575 381 790 432 quantum
812 388 988 417 eernere
1011 372 1205 417 valemus
1228 371 1443 418 ostendat.

268 488 1654 534 mmmmmmmmmmfflmwmmmmmmu

774 637 992 687 CAPUT
1034 640 1150 687 ΧΗ.

567 794 784 840 Christus
813 796 991 840 veritas
1023 795 1148 840 ιἠῑιιὸ·
1179 793 1342 840 docet.

318 930 525 974 XXXIX.
551 932 677 983 Quen
694 931 730 975 si
751 940 795 976 et
816 931 871 976 de
892 930 1111 977 coloribus
1129 931 1273 975 lucem
1288 964 1300 986 ,
1326 937 1370 974 et
1391 928 1447 973 de
1469 927 1654 985 caeteris,

257 1015 359 1060 quae
376 1015 452 1060 per
471 1015 628 1061 eorpus
650 1002 861 1046 sentimus
877 1037 888 1059 ,
912 1002 1127 1047 elementa
1148 1002 1277 1061 hujus
1295 998 1453 1045 mundi
1477 998 1657 1044 eadem-

257 1086 345 1131 que
372 1087 554 1131 corpora
576 1087 678 1133 quas
706 1073 916 1118 sentimus
930 1107 942 1129 ,
962 1088 1202 1132 sensusque
1224 1073 1339 1132 ipsos
1366 1070 1529 1131 quibus
1552 1078 1657 1114 tan-

258 1158 393 1203 quam
412 1144 722 1203 interpretibus
740 1144 797 1188 ad
818 1144 922 1189 talia
949 1144 1169 1190 noscenda
1188 1159 1310 1188 mens
1332 1143 1498 1201 utitur3
1517 1140 1573 1185 de
1591 1140 1657 1184 his

263 1223 411 1259 autem
429 1249 440 1271 ,
461 1230 561 1274 quae
598 1216 903 1275 intelliguntur
919 1251 930 1272 ,
955 1215 1206 1260 interiorem
1225 1214 1454 1260 veritatem
1490 1211 1659 1256 ratione

263 1286 551 1333 consulimus:
577 1287 686 1347 quid
707 1288 794 1332 diei
815 1297 958 1348 potest
972 1322 983 1343 ,
1007 1287 1126 1332 unde
1142 1287 1303 1332 clareat
1319 1285 1462 1331 verbis
1478 1298 1557 1328 nos
1579 1281 1662 1327 ali-

263 1358 374 1418 quid
382 1358 545 1404 discere
554 1375 644 1420 prae
651 1369 712 1404 ter
725 1360 885 1420 ipsum,
900 1360 977 1420 qui
989 1374 1112 1404 aures
1124 1358 1328 1418 pereutit,
1339 1371 1497 1403 sonum
1506 1357 1524 1400 P
1533 1357 1663 1402 Nam—

261 1446 348 1491 que
362 1431 524 1487 onmia,
544 1447 644 1491 quae
657 1432 938 1491 percipimus,
956 1440 1032 1476 aut
1046 1445 1176 1474 sensu
1194 1432 1404 1489 eorporis,
1421 1436 1498 1472 aut
1510 1433 1664 1470 mente

262 1502 541 1562 percipimus.
560 1502 642 1547 llla
658 1501 876 1546 sensibilia
887 1537 898 1558 ,
909 1503 1005 1546 haet:
1019 1500 1334 1559 intelligibilia,
1351 1501 1438 1545 sive
1449 1533 1461 1556 ,
1477 1507 1529 1543 ut
1543 1512 1666 1542 more

264 1583 496 1619 auctorum
513 1582 764 1618 nostrorum
781 1571 937 1631 loquar
948 1606 960 1628 ,
975 1572 1050 1615 illa
1070 1571 1283 1627 earnalia,
1309 1572 1403 1615 haec
1421 1567 1665 1630 spiritualia

264 1646 556 1692 nominamus.
581 1648 643 1690 De
664 1643 748 1707 illis
770 1643 879 1688 dum
898 1643 1242 1702 interrogamur,
1264 1641 1608 1702 respondemus,
1631 1638 1670 1683 si

267 1728 427 1779 praesto
449 1726 553 1763 sunt
568 1732 618 1762 ea
639 1731 740 1776 quae
759 1716 970 1761 sentimus
984 1735 996 1775 3
1010 1714 1133 1761 velut
1151 1729 1253 1759 cum
1266 1731 1290 1759 a
1306 1715 1432 1760 nobis
1455 1712 1669 1775 quaeritur

266 1789 540 1835 intuentibus
560 1787 714 1832 lunam
735 1802 919 1843 novam,
940 1785 1081 1848 qualis
1103 1795 1180 1831 aut
1198 1786 1276 1831 ubi
1297 1786 1367 1831 sit.
1391 1785 1473 1830 Hic
1494 1783 1568 1829 ille
1590 1783 1669 1845 qui

268 1862 531 1921 interrogat,
545 1860 581 1905 si
593 1875 684 1905 non
694 1858 814 1905 videt
826 1893 838 1916 ,
858 1858 996 1904 credit
1012 1858 1153 1904 verbis
1167 1893 1179 1915 ,
1199 1867 1243 1903 et
1257 1872 1374 1918 saepe
1391 1871 1484 1902 non
1501 1856 1669 1903 eredit:

270 1934 568 1986 discitautem
580 1931 704 1977 nullo
725 1930 879 1987 modo,
899 1931 982 1975 nisi
996 1939 1039 1975 et
1055 1931 1145 1990 ipse
1165 1929 1288 1990 quod
1301 1929 1463 1974 dieitur
1485 1927 1667 1988 videat,

272 2006 354 2051 ubi
370 2007 462 2066 jam
481 2020 572 2050 non
584 2004 727 2051 Verbis
745 2019 845 2064 quae
866 2011 1131 2059 sonuerunt,
1148 2002 1224 2047 sed
1237 2002 1368 2046 rebus
1384 2001 1485 2061 ipsis
1506 2009 1550 2045 et
1565 2015 1668 2045 sen-
1718 2030 1725 2033 -
1768 2035 1771 2037 .

273 2079 393 2126 sibus
424 2078 563 2124 discit.
588 2079 699 2124 Nam
719 2077 852 2122 verba
874 2075 1028 2121 eadem
1049 2084 1207 2120 sonant
1236 2074 1426 2130 videnti,
1451 2089 1554 2133 quae
1576 2088 1669 2119 non

274 2151 442 2198 videnti
463 2151 595 2195 etiam
616 2157 873 2194 sonuerunt.
899 2150 1013 2194 Cum
1033 2162 1136 2192 vero
1149 2161 1239 2192 non
1260 2145 1315 2191 de
1332 2145 1382 2191 113
1404 2161 1505 2205 quae
1519 2160 1669 2191 coram

276 2223 486 2273 sentimus
501 2257 512 2279 ,
537 2220 613 2267 36(1
635 2220 689 2265 (16
714 2220 779 2265 1113
801 2235 902 2280 qnae
930 2218 1166 2278 aliquando
1192 2217 1403 2263 sensimus
1425 2217 1662 2277 quaeritur,

277 2317 370 2350 11011
384 2300 476 2360 jam
497 2310 564 2341 163
579 2284 713 2355 ipsaS,
738 2292 837 2339 sed
828 2291 1035 2352 imagines
1048 2291 1134 2337 ab
1124 2291 1174 2337 iis
1187 2291 1412 2351 impressas
1422 2289 1670 2336 memoriae-

277 2393 366 2441 que
392 2371 617 2420 mandatas
633 2365 875 2428 loquimur:
900 2379 1001 2426 quae
1022 2366 1202 2411 omnino
1223 2362 1447 2444 quomodo
1469 2376 1570 2407 Veia
1590 2361 1663 2407 (11-

281 2468 453 2509 camus,
477 2464 581 2497 eum
606 2447 714 2493 falsa
744 2443 1015 2497 intueamur,
1039 2441 1212 2500 ignoro,
1232 2438 1314 2483 nisi
1341 2436 1444 2496 quia
1475 2449 1566 2480 non
1588 2449 1668 2480 nos

282 2545 333 2575 ea
345 2526 493 2574 videre
515 2539 564 2569 ae
589 2519 768 2573 sentire,
794 2514 870 2561 sed
884 2513 1038 2559 vidisse
1060 2528 1109 2558 ac
1130 2511 1308 2557 sensisse
1328 2509 1672 2554 narramus.1ta

243 2636 246 2639 »
286 2601 382 2649 illas
403 2599 609 2660 imagines
630 2600 676 2644 in
695 2599 914 2645 memoriae
935 2595 1229 2658 penetralibus
1251 2608 1397 2640 rerum
1414 2601 1514 2638 ante
1530 2603 1677 2637 sensa-
