1888 3168
626 203 680 230 DE
712 201 865 230 MUsrcA
899 204 980 230 LIB.
1018 205 1076 230 vt.
1472 185 1556 226 485

165 268 241 313 sed
262 270 421 314 horum
451 269 641 314 duorum
675 270 797 332 quod
826 271 1102 330 praestantius
1118 268 1339 330 judicem,
1371 266 1563 311 incertus

165 355 278 396 sum,
300 341 381 386 nisi
397 340 510 386 sorte
526 342 738 401 quoniam
761 340 857 386 illos
881 342 956 402 qui
978 350 1080 385 sunt
1100 340 1146 383 in
1167 339 1336 383 actione
1353 373 1364 394 ‚
1390 354 1481 382 non
1503 338 1561 382 01)

165 411 286 455 aliud
318 411 636 471 praeponendos
664 412 714 456 iis
737 413 813 473 qui
844 421 946 457 sunt
968 412 1013 456 in
1050 410 1260 455 memoria
1288 408 1560 464 dixeramus,

166 482 247 526 nisi
269 481 391 543 quod
411 482 475 526 1111
497 481 704 527 facientes
734 493 837 528 sunt
852 520 862 539 ‚
894 484 963 528 isti
991 483 1046 527 ab
1068 482 1135 526 his
1160 480 1286 539 facti3
1316 479 1471 524 eadem
1494 496 1562 524 ra·-

166 553 284 597 tione
306 554 408 598 istos
424 553 569 609 etiam,
590 554 787 615 quidum
811 555 1011 599 audimus
1029 554 1180 598 insunt
1194 553 1239 596 in
1258 552 1419 607 anima,
1441 566 1567 610 opor-

168 633 232 668 tet
250 625 300 669 iis
328 634 610 685 anteponere,
637 628 714 688 qui
737 628 792 671 31)
815 626 1038 676 iisdemin
1060 624 1269 670 memoria
1286 624 1414 679 fiunt,
1440 622 1569 668 sicuti

167 706 210 740 et
232 695 404 742 dudum
420 698 527 742 mihi
541 698 788 743 videbatur.
805 702 867 745 M.
889 702 987 745 Non
1003 707 1112 759 puto
1132 696 1367 742 absurdam
1391 711 1570 756 respon-

167 769 335 812 sionem
347 777 495 814 tuam:
521 769 597 814 sed
620 772 829 831 quoniam
853 771 1127 832 disputatum
1146 778 1224 825 est,
1244 769 1324 813 hos
1339 767 1470 812 etiam
1492 766 1571 827 qui

167 849 270 884 sunt
291 840 337 884 in
354 841 584 886 sentiendo
607 858 812 887 numeros
830 842 1104 902 operationes
1129 856 1219 885 esse
1242 839 1425 895 animae,
1452 853 1568 898 quo-

167 911 301 956 modo
325 928 397 957 eos
421 912 475 957 ab
498 912 583 957 illis
607 912 813 958 discernis
836 929 945 974 quos
969 914 1014 957 in
1029 922 1132 958 actu
1149 927 1239 957 esse
1262 909 1572 956 animadverti-

167 998 280 1039 mus,
296 985 427 1029 ctiam
442 1000 542 1029 cum
554 986 599 1028 in
615 985 786 1029 silentio
801 1001 891 1030 non
906 984 1138 1029 recordans
1151 981 1414 1044 agitaliquid
1426 982 1572 1026 anima

166 1070 245 1114 per
261 1055 518 1115 temporalia
539 1056 674 1115 spatia
697 1058 1008 1101 numerosum?
1030 1072 1086 1101 an
1111 1054 1231 1117 quod
1262 1054 1325 1098 illi
1346 1062 1449 1098 sunt
1470 1068 1569 1096 mo-

168 1125 310 1169 ventis
339 1141 429 1170 sese
453 1126 610 1170 animae
629 1126 685 1171 ad
707 1142 865 1188 corpus
895 1142 1021 1172 suum
1041 1163 1051 1183 ,
1082 1127 1125 1171 hi
1150 1142 1255 1172 vero
1283 1126 1328 1169 in
1352 1122 1574 1169 audiendo

169 1197 386 1241 moventis
434 1213 524 1242 sese
571 1198 727 1242 animae
765 1198 977 1243 adversus
1006 1198 1227 1259 passiones
1261 1196 1454 1257 corporis
1481 1195 1579 1240 sui?

167 1269 220 1310 D.
242 1268 422 1327 Accipio
443 1268 569 1313 istam
584 1269 894 1314 differentiam.
920 1272 982 1315 Μ.
1010 1268 1129 1323 Quid
1144 1305 1154 1324 ,
1180 1268 1225 1313 in
1247 1267 1463 1312 sententia
1483 1281 1575 1310 ma-

168 1339 448 1385 nendum—ne
471 1335 708 1398 arbitraris,
734 1351 783 1386 ut
796 1342 1119 1401 praestantiores
1141 1340 1204 1384 illi
1217 1339 1476 1401 judicentur
1493 1338 1571 1399 qui

168 1420 270 1455 sunt
289 1411 344 1456 ad
366 1428 539 1472 corpus,
566 1429 696 1474 quam
716 1413 779 1457 illi
801 1414 878 1474 qui
895 1422 998 1458 sunt
1013 1412 1218 1458 adversus
1240 1412 1460 1470 passiones
1475 1425 1575 1454 cor-

168 1482 311 1543 poris?
324 1486 375 1527 D.
403 1483 648 1529 Liberiores
661 1484 990 1530 mihividentur
1007 1483 1071 1527 illi
1093 1482 1169 1543 qui
1188 1490 1292 1526 sunt
1311 1482 1358 1525 in
1379 1480 1570 1536 silentio,

170 1569 304 1615 quam
320 1553 349 1597 ii
368 1554 444 1614 qui
466 1569 557 1598 non
575 1555 719 1598 solum
736 1555 792 1598 ad
814 1570 998 1614 corpus,
1025 1553 1102 1597 sed
1119 1551 1176 1596 ad
1197 1551 1417 1612 passiones
1439 1551 1573 1595 etiam

171 1625 366 1685 corporis
405 1633 659 1668 exeruntur.
686 1627 746 1670 M.
774 1624 987 1669 Distincta
1002 1640 1025 1668 a
1048 1624 1175 1669 nobis
1191 1659 1201 1679 ‚
1237 1632 1282 1668 et
1304 1621 1574 1684 quibusdam

171 1697 428 1742 meritorum
442 1696 649 1755 gradibus
666 1696 866 1741 ordinata
878 1697 1008 1742 video
1026 1696 1225 1757 quinque
1243 1710 1401 1754 genera
1415 1709 1575 1739 nume-

172 1785 338 1825 rorum,
365 1769 541 1829 quibus,
568 1769 602 1813 si
622 1768 782 1828 placet,
808 1769 1087 1829 imponamus
1110 1783 1305 1827 congrua
1330 1766 1569 1823 vocabula,

172 1857 228 1887 ne
257 1842 304 1885 in
330 1839 501 1902 reliquo
530 1855 727 1884 sermone
756 1839 959 1900 pluribus
989 1839 1134 1885 verbis
1174 1855 1306 1900 quam
1340 1839 1471 1883 rebus
1507 1838 1575 1882 uti

174 1928 348 1958 necesse
371 1913 438 1956 sit.
461 1916 512 1957 D.
535 1911 683 1957 Placet
699 1928 820 1957 vero.
846 1915 908 1957 M.
934 1915 1158 1957 Vocentur
1176 1926 1277 1970 ergo
1299 1911 1429 1972 primi
1448 1910 1573 1971 judi-

175 1983 321 2039 ciales,
347 1982 528 2028 secundi
555 1999 873 2043 progressores,
899 1983 1014 2028 tertii
1042 1998 1308 2037 occursores,
1335 1982 1481 2043 quarti
1504 1997 1574 2026 re-

175 2055 434 2110 cordabiles,
456 2054 599 2115 quinti
629 2063 847 2101 sonantes.
877 2058 928 2099 D.
957 2057 1128 2111 Teneo,
1156 2063 1199 2099 et
1229 2053 1296 2099 his
1318 2052 1576 2098 nominibus

178 2136 277 2171 utar
299 2126 524 2172 libentius.
