1852 3163
670 225 722 251 nt:
757 224 918 251 omnm:
952 224 1033 250 mn.
1072 225 1100 249 1.
1506 209 1585 249 145

198 301 313 336 terea
327 291 517 335 humana
530 289 618 334 vita
632 287 1019 334 innumerabilium
1028 287 1410 348 perturbationum
1422 288 1592 334 incons-
1654 334 1657 337 ,

197 362 334 407 tantia
359 370 556 406 versetur
589 370 632 404 et
654 361 853 406 fluctuet.
895 359 981 405 Sed
1014 360 1098 405 hoc
1134 368 1262 420 pacto
1306 359 1341 404 si
1374 360 1471 420 quis
1502 369 1591 405 tam

197 434 421 479 minutum
433 441 646 488 cerneret,
657 442 707 477 ut
720 434 766 476 in
777 431 1063 478 vermiculato
1080 431 1347 492 pavimento,
1359 430 1469 475 nihil
1478 432 1593 479 ultra

200 505 328 550 unius
350 502 535 549 tessellae.
549 502 781 548 modulum
798 503 909 548 acies
929 504 1021 564 ejus
1032 502 1197 548 valeret
1211 502 1397 558 ambire,
1416 503 1594 562 vitupe-

200 583 315 620 raret
327 574 538 619 artificem
546 573 669 619 velut
677 574 962 619 ordinationis
976 583 1019 618 et
1031 573 1358 634 compositionis
1368 574 1568 633 ignarum
1582 594 1593 631 3

199 663 251 692 eo
264 645 386 707 quod
399 645 654 691 varietatem
667 645 919 706 lapillorum
933 645 1232 707 perturbatam
1245 654 1421 706 putaret
1434 681 1444 701 ‚
1462 661 1485 689 a
1507 661 1597 706 quo

199 717 271 762 illa
284 715 546 761 emblemata
567 716 613 760 in
627 717 756 761 unius
777 716 1117 778 pulchritudinis
1138 716 1296 764 faciem
1312 716 1599 775 congruentia

201 788 332 834 simul
353 789 472 834 cerni
494 787 829 851 collustrarique
866 806 956 835 non
977 798 1167 850 possent.
1189 788 1308 835 Nihil
1331 789 1448 833 enim
1481 787 1604 833 aliud

202 861 348 906 minus
374 861 556 906 eruditis
577 861 833 907 hominibus
856 861 1036 918 accidit,
1072 860 1148 922 qui
1176 861 1426 905 universam
1456 876 1604 905 rerum

204 933 528 993 coaptationem
541 943 674 995 atque
687 943 953 979 concentum
968 932 1189 978 imbecilla
1203 941 1350 976 mente
1372 932 1605 992 complecti

203 1013 248 1048 et
285 1005 560 1050 considerare
591 1021 682 1050 non
701 1004 919 1061 valentes,
941 1004 975 1049 si
998 1003 1103 1066 quid
1124 1019 1196 1050 eos
1219 1002 1476 1058 offenderit,
1504 1003 1608 1064 quia

203 1091 295 1120 suae
314 1075 571 1134 cogitationi
588 1090 799 1137 magnum
822 1084 907 1132 est,
927 1091 1134 1136 magnam
1145 1084 1305 1137 putant
1318 1074 1449 1121 rebus
1466 1074 1608 1120 inhae-

206 1161 298 1191 rere
320 1146 585 1191 foeditatem.

206 1292 275 1308 MA&
279 1291 420 1310 ΜΝἜᾹΝἎ
424 1290 779 1310 ΜἊΜΝΜΝἉΝΝΙΛΑ
784 1291 1568 1310 mmmmmanmzmwznwmmwmwxmx
1575 1293 1606 1309 Ἃ

721 1400 942 1452 CAPUT
983 1402 1081 1450 112.

277 1521 492 1569 Dedicat
523 1520 614 1569 lzoc
646 1538 766 1585 opus
801 1522 1037 1571 Zenobio.
1072 1524 1306 1571 Personoe
1338 1523 1539 1589 dialogi.

270 1651 353 1694 ΙΙΙ.
390 1651 529 1694 CcJUS
567 1649 723 1693 erroris
745 1650 932 1695 maxima
961 1666 1091 1696 causa
1113 1659 1200 1706 est,
1234 1651 1508 1712 quodhomo
1533 1651 1616 1697 sibi

210 1720 300 1780 ipse
321 1729 385 1764 est
405 1719 673 1779 incognitus.
696 1721 783 1773 Qui
811 1730 960 1765 tamen
976 1731 1027 1766 ut
1059 1738 1103 1766 se
1125 1731 1297 1778 noscat,
1324 1739 1482 1783 magna
1505 1737 1615 1784 opus

211 1791 348 1836 babet
375 1791 694 1836 consuetudine
718 1792 952 1837 recedendi
985 1810 1008 1837 a
1036 1794 1234 1838 sensibus
1251 1829 1261 1849 ‚
1283 1803 1326 1838 et
1349 1795 1547 1839 animum
1570 1795 1616 1839 in

213 1879 258 1908 se
275 1863 418 1924 ipsum
440 1862 705 1923 colligendi,
738 1873 871 1925 atque
893 1865 939 1909 in
961 1880 1005 1910 se
1019 1865 1113 1926 ipso
1136 1866 1396 1911 retinendi¹.
1423 1868 1554 1920 Quod
1591 1868 1619 1912 ii

214 1944 388 1980 tantum
423 1945 740 1996 assequuntur,
782 1937 860 1997 qui
897 1936 1047 1997 plagas
1080 1937 1292 1998 quasdam
1332 1939 1616 1998 opinionum,

215 2023 322 2067 quas
338 2007 440 2053 vitae
463 2006 732 2068 quotidianae
769 2024 921 2053 cursus
956 2008 1140 2068 infligit,
1165 2019 1241 2054 aut
1258 2009 1495 2055 solitudine
1521 2012 1620 2055 inu-

216 2087 342 2135 runt⁷
364 2087 439 2123 aut
459 2077 718 2123 liberalibus
743 2079 968 2124 medicant
989 2080 1241 2141 disciplinis.
1272 2085 1337 2126 Ita
1368 2082 1486 2126 enini
1523 2083 1620 2127 ani-

216 2165 313 2195 mus
331 2149 414 2194 sibi
428 2148 624 2194 redditus
641 2166 742 2211 quae
765 2150 821 2194 sit
836 2149 1122 2210 pulchritudo
1141 2153 1433 2198 universitatis
1455 2153 1602 2198 intelli·

219 2220 302 2280 git,
329 2237 429 2282 quae
451 2219 649 2281 profecto
679 2221 734 2265 ab
775 2237 863 2279 uno
896 2223 1204 2282 cognominata
1247 2234 1325 2270 est.
1364 2224 1625 2286 Idcircoque

220 2290 343 2337 illam
376 2290 527 2337 videre
557 2308 648 2345 non
680 2292 782 2337 licet
819 2293 998 2351 animae,
1032 2311 1132 2357 quae
1168 2297 1215 2341 in
1239 2297 1379 2342 multa
1401 2297 1621 2357 procedit,

222 2372 501 2424 sectaturque
524 2362 731 2409 aviditate
749 2365 1025 2425 pauperiem,
1046 2383 1179 2428 quam
1205 2368 1343 2413 nescit
1364 2368 1454 2413 sola
1479 2385 1625 2428 segre-

228 2434 402 2494 gatione
419 2434 716 2480 multitudinis
728 2451 852 2496 posse
864 2436 1007 2482 vitari.
1029 2438 1362 2485 Multitudinem
1378 2449 1628 2484 autemnon

270 2549 278 2566 ¹
295 2545 332 2575 In
349 2542 444 2576 editis
470 2547 571 2587 caput
588 2544 671 2578 male
689 2543 803 2589 incipit
821 2545 861 2578 ad
882 2544 949 2579 haec
969 2545 1068 2580 verba
1085 2558 1092 2580 :
1115 2548 1171 2580 Ica
1201 2548 1292 2581 em'nz
1308 2548 1463 2587 animus,
1493 2553 1557 2580 vic.
1586 2566 1617 2571 -

225 2605 238 2621 ²
263 2610 273 2631 1
292 2602 438 2634 Retract.
459 2611 533 2643 cap.
549 2611 599 2643 111,
618 2612 649 2633 11.
666 2611 696 2634 2.

417 2666 539 2697 cvm.
1387 2661 1435 2699 10
