1888 3168
303 263 386 303 584

912 281 1061 311 INDEX·

300 345 474 376 Carnxvm.
489 345 651 388 Loquendi
670 346 819 391 facultas,
838 359 933 392 quam
952 361 1031 393 puer
1043 350 1195 393 paulatim
1214 354 1410 396 assequitur,
1433 365 1494 388 non
1516 356 1576 389 tri·

379 467 444 488 xm.

499 401 626 434 buenda
651 403 859 437 incrementis
876 407 999 439 animm.

475 457 584 490 Anima
601 460 760 502 quomodo
775 472 922 494 crescere
939 462 1080 495 minuive
1099 463 1227 497 dicitur.

402 525 452 546 xx.
481 514 593 546 Anima
613 518 765 561 numquid
786 529 825 550 ex
849 527 882 549 sc
904 518 996 550 sciat.

391 580 452 602 xxi.
479 572 567 604 Vires
597 573 627 605 in
656 574 769 615 majori
787 578 883 607 aetate
908 575 1045 616 majores
1076 586 1137 608 non
1157 580 1231 609 sunt
1249 583 1472 620 argumentum
1491 591 1579 614 cres-

374 693 449 716 xxn.

500 629 603 661 centis
619 629 741 662 animae.

477 687 565 718 Unde
583 687 667 720 vires
690 688 832 731 corporis
849 689 998 730 majores.

368 750 453 773 xxm.
480 742 593 775 Anima
617 745 745 777 tametsi
762 755 819 787 per
832 749 936 777 totum
953 756 1069 788 corpus
1089 746 1187 779 sentit
1203 772 1211 785 ,
1226 758 1288 780 non
1302 747 1423 781 idcirco
1442 753 1490 782 est
1507 761 1581 784 cum

501 809 637 841 corpore
658 805 799 832 extensa.
818 801 898 839 Quid
908 812 1015 833 sensus
1029 806 1062 834 et
1079 803 1238 845 quomodo
1256 804 1297 836 sit
1315 804 1405 838 visio.

368 863 453 885 xxiv.
481 856 676 897 Expenditur
698 857 840 890 definitio
857 868 979 891 sensus,

375 919 450 941 XXV.

477 911 625 944 Definitio
647 914 806 956 quomodo
825 914 1044 947 examinanda.

362 977 451 999 xxvi,
477 968 619 1002 Scientia
638 976 669 1003 et
687 971 768 1003 ratio
782 982 856 1004 num
877 971 908 1003 in
923 970 1049 1004 bestiis?

347 1033 448 1057 XXVH·

338 1090 447 1113 ΧΧΥΙΙΙ.

475 1025 567 1058 Ratio
581 1030 614 1058 et
634 1026 852 1060 ratiocinatio.

474 1082 591 1114 Bestia:
609 1083 674 1116 vim
691 1083 850 1116 sentiendi
867 1084 1005 1127 habent,
1025 1096 1089 1118 non
1109 1085 1288 1119 scientiam.

369 1148 453 1169 xxix.
480 1138 620 1171 Scientia
639 1144 673 1172 et
688 1151 797 1172 sensus
814 1139 889 1183 quid
901 1140 1067 1174 differant.

384 1204 460 1226 XXX.

367 1317 451 1339 xxxi.

359 1430 454 1452 xxxn.

348 1595 455 1617 xxxm-

343 1875 451 1897 xxnv.

364 1932 444 1953 XXXV

486 1194 613 1237 Anima,
627 1207 697 1239 quse
715 1196 834 1239 ubique
851 1197 971 1229 sentiat
984 1197 1015 1229 in
1027 1208 1176 1241 corpore,
1194 1208 1256 1230 non
1270 1197 1391 1230 idcirco
1405 1201 1454 1230 est
1470 1208 1528 1241 per
1541 1203 1587 1230 to-

500 1255 569 1283 tum
586 1262 702 1295 corpus
717 1252 845 1285 diffusa.

477 1307 649 1340 Vermiculi
665 1309 745 1341 secti
771 1314 865 1352 parte
886 1314 1058 1343 moventur
1074 1323 1081 1342 :
1102 1320 1142 1342 an
1160 1314 1383 1352 argumentum
1398 1313 1447 1344 est
1476 1309 1586 1344 animae

500 1375 558 1407 per
574 1369 678 1397 totum
699 1376 814 1408 corpus
831 1365 981 1398 extensi?

480 1421 626 1453 Dissecto
643 1433 782 1464 corpore
799 1422 903 1455 anima
921 1433 983 1454 non
1013 1428 1153 1455 secatur.
1172 1441 1214 1446 -—
1232 1424 1344 1455 Frusta
1361 1421 1491 1456 dissecti
1514 1434 1587 1456 cor-

503 1475 587 1517 poris
604 1476 718 1506 vivere
742 1484 871 1517 possunt
889 1489 962 1510 cum
977 1479 1081 1510 anima
1101 1483 1191 1511 secta
1209 1489 1272 1511 non
1288 1479 1340 1512 sit.
1357 1495 1405 1503 —
1429 1478 1588 1522 Deinceps

501 1530 542 1562 de
555 1529 667 1562 anim-ze
678 1530 859 1572 quantitate
873 1530 995 1562 ratione
1012 1531 1140 1563 virtutis
1156 1543 1194 1563 ac
1212 1533 1375 1574 potentiae.

484 1585 535 1616 Vis
553 1584 665 1618 animae
677 1585 709 1617 in
725 1596 863 1628 corpore
874 1610 883 1626 ,
899 1585 930 1617 in
941 1597 975 1618 se
993 1585 1057 1629 ipsa
1072 1612 1080 1628 ‚
1100 1591 1134 1618 et
1150 1587 1235 1629 apud
1248 1590 1362 1630 Deum,
1380 1592 1507 1632 septem
1519 1588 1588 1630 ejus

502 1641 724 1684 magnitudinis
748 1641 860 1684 gradus
883 1641 1059 1674 constituit.
1083 1659 1124 1664 —
1141 1641 1262 1675 Primus
1280 1644 1393 1684 gradus
1417 1644 1589 1676 animae.—-

503 1697 666 1729 Secundus
679 1698 791 1740 gradus
814 1698 938 1730 animm.
961 1715 1000 1721 —
1023 1698 1147 1730 Tertius
1161 1698 1274 1740 gradus
1291 1699 1415 1731 animae.
1433 1716 1476 1722 —
1493 1701 1588 1738 Quar-

503 1753 560 1786 dus
577 1753 690 1796 gradus
707 1753 830 1786 animae.
852 1771 893 1776 —
907 1753 1039 1792 Quintus
1054 1754 1166 1796 gradus
1187 1755 1310 1789 animae.
1332 1772 1374 1778 -—
1388 1756 1501 1788 Sextus
1519 1766 1588 1798 gra·-

503 1810 561 1841 dus
572 1809 695 1842 animae.
715 1827 756 1832 —
775 1809 935 1852 Septimus
953 1810 1065 1852 gradus
1083 1811 1206 1843 animae.

478 1866 591 1898 Anima
609 1865 692 1898 solus
704 1868 787 1898 Deus
805 1865 936 1908 melior,
955 1866 1099 1910 adeoque
1115 1867 1198 1899 solus
1216 1867 1245 1899 ei
1263 1867 1415 1900 colendus
1433 1872 1493 1901 est.

451 1948 456 1954 .
484 1924 583 1954 Actus
615 1922 726 1955 animae
753 1922 846 1964 juxta
870 1927 995 1964 septem
1025 1922 1174 1965 praefatos
1201 1923 1315 1966 gradus
1344 1924 1433 1957 varie
1472 1922 1586 1968 appel-

505 1978 622 2011 lantur.

349 2045 455 2068 xxxvl.
482 2035 690 2077 Attinguntur
703 2035 830 2079 reliqua:
859 2036 899 2069 de
926 2037 1030 2070 anima
1047 2037 1248 2080 quaestiones·
1266 2055 1309 2062 -·
1323 2039 1397 2077 Qute
1415 2036 1456 2069 Sit
1476 2035 1587 2079 1'015330

505 2101 581 2123 Yel‘a
588 2117 593 2123 .

774 2193 869 2240 DE
917 2191 1235 2243 MUSICA·

876 2295 1050 2338 LIBER
1083 2297 1119 2338 Ι.

1627 527 1646 558 Ν.)
1626 471 1646 501 10
1626 415 1645 445 to

1651 473 1691 505 δὲ
1650 417 1690 446 Ξ·

1651 528 1691 559 ἐμὲ

1672 640 1692 727 100

1625 809 1691 841 286

1629 865 1695 896 290

1630 921 1695 952 ⁶292

1630 977 1696 1008 295

1631 1033 1696 1064 298

1631 1090 1696 1120 300

1625 1146 1687 1176 301

1632 1256 1696 1287 303

1633 1369 1698 1400 306

1634 1535 1698 1566 309

306 2390 485 2429 Traditur
499 2391 656 2427 musicae
678 2389 871 2431 definitio,
893 2394 932 2427 et
948 2391 1013 2437 qui
1038 2391 1085 2427 ad
1107 2390 1267 2438 huJusce
1287 2389 1500 2436 disciplinae
1520 2389 1696 2425 conside-

353 2451 541 2487 rationem
558 2450 768 2496 pertinent,
781 2453 954 2487 motuum
963 2460 1258 2487 numerosorum
1276 2449 1426 2496 species
1443 2459 1486 2485 ac
1500 2448 1696 2496 proportio

355 2509 607 2556 explicantur.

334 2584 408 2615 Car.
436 2593 443 2614 ι

452 2610 456 2615 .
484 2585 638 2615 Sonorum
655 2586 760 2614 certas
778 2582 991 2615 dimensiones
1011 2583 1185 2615 observare
1199 2593 1261 2614 non
1281 2582 1320 2614 ad
1344 2579 1584 2623 grammaticam

507 2644 633 2682 spectat
647 2665 654 2681 ‚
671 2639 725 2672 scd
741 2639 778 2671 ad
790 2638 954 2671 musicam.

1635 2635 1700 2666 324
