1852 3163
690 157 745 183 DE
778 158 938 185 ORDINE
971 157 1053 184 Llss.
1091 157 1139 182 11.
1536 143 1620 182 199

283 225 450 269 XXXI.
475 226 539 269 Ac
558 222 751 283 primum
782 221 1009 267 videamus
1031 220 1109 264 ubi
1146 220 1230 265 hoc
1252 219 1436 264 verbum
1451 254 1462 275 ‚
1498 220 1622 280 quod

223 297 333 342 ratio
354 306 560 352 vocatur,
598 294 868 356 frequentari
906 292 1015 338 solet
1042 308 1173 338 :nam
1209 291 1320 336 illud
1342 307 1420 337 nos
1444 305 1622 338 movere

223 370 412 414 maxime
429 368 586 423 debet,
611 367 734 428 quod
770 367 860 427 ipse
892 367 1026 411 homo
1061 381 1084 410 a
1105 364 1324 410 veteribus
1355 364 1624 424 sapientibus

224 442 284 486 ita
305 439 511 485 definitus
535 447 600 483 est
625 458 633 484 :
656 441 799 483 Homo
817 447 881 483 est
903 435 1065 482 animal
1086 434 1297 481 rationale
1313 434 1513 480 mortale.
1540 436 1623 481 Hic

224 529 381 573 genere
402 512 545 572 posito
562 511 685 573 quod
713 511 875 556 animal
906 510 1075 556 dictum
1097 519 1187 566 est,
1224 507 1425 555 videmus
1453 507 1624 554 additas

208 586 331 641 ¹duas
355 584 645 640 differentias,
685 585 847 645 quibus
870 583 1001 629 credo
1024 580 1329 628 admonendus
1351 590 1442 625 erat
1463 581 1620 638 homo,

222 667 266 702 et
287 673 376 719 quo
394 657 477 701 sibi
495 655 774 701 redeundum
811 665 921 701 esset
937 691 948 712 ‚
989 664 1033 700 et
1054 654 1174 699 unde
1197 651 1476 713 fugiendum.
1512 656 1623 699 Nam

220 738 271 774 ut
302 744 554 791 progressus
577 729 736 773 animae
764 723 911 790 ¹usque
945 726 1001 772 ad
1021 726 1247 782 mortalia,
1272 725 1418 786 lapsus
1453 734 1544 783 est3
1564 726 1624 770 ita

221 816 436 860 regressus
478 816 568 845 esse
603 800 650 844 in
681 800 896 845 rationem
933 799 1082 844 debet.
1109 801 1206 844 Uno
1228 797 1366 843 verbo
1389 813 1412 842 a
1444 796 1620 853 bestiis⁷

220 873 345 935 quod
357 870 568 918 rationale
595 891 604 918 ε
629 881 673 916 et
691 871 776 917 alio
799 888 823 916 a
843 871 1000 917 divinis
1020 879 1245 931 separatur
1261 905 1272 926 ‚
1292 869 1415 931 quod
1436 868 1623 914 mortale

221 945 398 990 dicitur.
426 943 545 989 Illud
576 943 709 1002 igitur
741 944 823 988 nisi
864 942 1081 998 tenuerit,
1116 941 1256 986 bestia
1278 941 1360 985 erit
1386 961 1394 986 ε
1417 941 1521 985 hinc
1544 940 1627 985 nisi

219 1031 264 1060 se
282 1015 487 1061 averterit
502 1051 513 1071 ,
539 1014 687 1060 divina
709 1031 800 1060 non
823 1014 919 1059 erit.
949 1012 1034 1060 Sed
1057 1013 1269 1074 quoniam
1301 1011 1443 1057 solent
1459 1013 1626 1058 doctis-

219 1088 317 1132 simi
337 1088 419 1132 viri
437 1086 545 1148 quid
577 1087 693 1131 inter
713 1085 927 1131 rationale
948 1084 1262 1130 etrationabile
1280 1084 1477 1140 intersit,
1499 1093 1626 1128 acute

218 1160 525 1221 subtiliterque
561 1159 807 1205 discernere
825 1196 835 1215 7
875 1158 1002 1204 nullo
1045 1157 1178 1203 modo
1202 1167 1293 1213 est,
1330 1157 1384 1202 ad
1420 1156 1467 1201 id
1504 1155 1627 1218 quod

218 1233 487 1278 instituimus
504 1268 515 1288 ,
535 1232 852 1292 negligendum
875 1252 883 1277 :
910 1248 1014 1276 nam
1036 1231 1251 1276 rationale
1276 1246 1367 1275 esse
1384 1230 1591 1275 dixerunt
1610 1266 1621 1286 ,

217 1303 341 1365 quod
362 1305 530 1348 ratione
552 1312 752 1347 uteretur
772 1302 843 1347 vel
865 1303 931 1347 uti
951 1312 1098 1362 posset
1125 1322 1133 1347 :
1166 1301 1425 1347 rationabile
1446 1310 1594 1346 autem
1607 1337 1623 1357 ,

218 1375 341 1436 quod
358 1376 526 1420 ratione
548 1374 716 1420 factum
741 1383 853 1419 esset
869 1383 946 1419 aut
960 1374 1144 1419 dictum.
1174 1377 1329 1435 Itaque
1347 1373 1425 1417 has
1446 1371 1626 1418 balneas

218 1446 499 1492 rationabiles
537 1462 771 1508 possumus
806 1445 952 1492 dicere
971 1482 981 1502 ‚
1021 1455 1312 1507 nostrumque
1348 1459 1595 1489 sermonem
1613 1465 1622 1490 :

218 1518 452 1565 rationales
474 1528 622 1564 autem
644 1519 715 1564 vel
741 1517 870 1564 illum
890 1518 968 1579 qui
989 1519 1066 1563 has
1091 1516 1221 1574 fecit,
1253 1516 1324 1563 vel
1346 1533 1425 1563 nos
1456 1517 1534 1578 qui
1556 1517 1625 1562 lo-

218 1592 413 1652 quimur.
434 1594 551 1650 Ergo
569 1589 774 1651 procedit
805 1592 916 1636 ratio
950 1591 1004 1635 ab
1028 1591 1174 1636 anima
1197 1588 1426 1646 rationali,
1463 1589 1626 1635 scilicet

217 1664 263 1707 in
285 1679 335 1707 ea
355 1679 455 1724 quae
478 1662 548 1708 vel
560 1663 675 1706 fiunt
690 1662 965 1707 rationabilia
979 1697 990 1717 ‚
1017 1661 1088 1707 vel
1104 1662 1328 1707 dicuntur.

278 1737 470 1779 XXXII.
506 1737 604 1778 Duo
622 1748 725 1792 ergo
744 1731 873 1778 video
888 1769 899 1789 ,
925 1733 971 1777 in
993 1733 1155 1794 quibus
1169 1733 1367 1794 potentia
1390 1733 1544 1795 visque
1561 1749 1625 1778 ra-

219 1806 349 1851 tionis
382 1805 518 1865 possit
539 1804 640 1864 ipsis
662 1805 794 1849 etiam
815 1805 1014 1850 sensibus
1038 1804 1260 1849 admoveri
1287 1824 1296 1850 ;
1318 1820 1450 1866 opera
1476 1805 1624 1850 homi-

219 1894 327 1922 num
345 1894 445 1938 quse
467 1877 675 1922 videntur
691 1913 702 1932 ‚
726 1887 770 1921 et
791 1878 925 1922 verba
953 1894 1053 1938 quae
1075 1875 1331 1922 audiuntur.
1361 1880 1412 1922 In
1434 1886 1624 1940 utroque

219 1959 368 1994 autem
387 1949 528 1993 utitur
546 1963 670 1992 mens
693 1949 867 2007 gemino
885 1949 1043 1993 nuntio
1072 1964 1153 2008 pro
1171 1950 1365 2009 corporis
1386 1950 1623 1995 necessita-

219 2032 262 2067 te
284 2043 292 2068 :
318 2038 409 2067 uno
427 2021 502 2083 qui
527 2020 760 2066 oculorum
781 2031 861 2077 est,
884 2021 1021 2066 altero
1037 2021 1114 2083 qui
1137 2023 1325 2067 aurium.
1348 2025 1504 2084 Itaque
1520 2039 1623 2069 cum

219 2093 388 2155 aliquid
408 2092 611 2138 videmus
646 2093 994 2151 congruentibus
1018 2093 1100 2138 sibi
1129 2095 1329 2154 partibus
1352 2095 1591 2155 figuratum
1607 2132 1620 2153 ‚

219 2181 311 2210 non
349 2163 539 2209 absurde
571 2164 759 2211 dicimus
788 2165 1107 2233 rationabiliter
1144 2182 1368 2227 apparere.
1422 2170 1623 2229 Itemque

220 2253 322 2282 cum
346 2236 512 2297 aliquid
530 2237 644 2281 bene
665 2237 897 2282 concinere
919 2236 1120 2282 audimus
1136 2274 1146 2294 ,
1167 2254 1258 2283 non
1280 2237 1535 2284 dubitamus
1552 2239 1623 2284 di-

219 2324 316 2353 cere
336 2307 459 2369 quod
480 2308 798 2353 rationabiliter
813 2318 953 2353 sonat.
971 2311 1109 2355 Nemo
1129 2319 1276 2355 autem
1298 2326 1389 2355 non
1407 2310 1618 2368 rideatur,

221 2381 255 2424 si
278 2379 456 2434 dixerit,
484 2380 805 2425 rationabiliter
828 2380 918 2425 olet
932 2416 942 2436 ‚
960 2390 1037 2425 aut
1060 2381 1381 2426 rationabiliter
1403 2382 1532 2442 sapit,
1549 2392 1626 2427 aut

222 2451 541 2497 rationabiliter
566 2452 700 2497 molle
723 2462 789 2496 est
807 2489 817 2507 ‚
843 2452 925 2496 nisi
948 2451 1062 2497 forte
1085 2454 1130 2497 in
1148 2454 1200 2499 iis
1219 2470 1318 2515 quae
1342 2463 1521 2515 propter
1542 2454 1624 2498 ali-

221 2522 330 2584 quid
360 2523 415 2567 ab
440 2523 694 2568 hominibus
715 2533 948 2583 procurata
978 2534 1082 2568 sunt
1114 2534 1164 2570 ut
1186 2526 1244 2571 ita
1270 2525 1439 2571 olerent
1460 2524 1530 2570 vel
1552 2541 1622 2569 sa-
