1888 3168
309 207 392 243 530
730 216 762 242 5.
803 216 1031 243 ,1000511111
1068 217 1246 243 El‘lsCOPI

304 282 408 339 ipsae
441 294 515 338 per
537 294 581 323 50
618 278 812 335 valeant,
833 295 921 324 non
943 295 1020 340 per
1052 281 1170 339 signa
1201 282 1451 335 monstrari,
1472 290 1521 325 ut
1543 282 1693 340 edere,

297 351 452 395 bibere
467 385 477 405 ‚
499 349 651 394 sedere
665 386 675 406 ,
701 359 835 407 stare,
857 351 1065 406 clamare,
1091 360 1133 395 et
1166 351 1501 397 innumerabilia
1522 363 1693 399 caetera.

295 424 410 466 Ano.
437 424 529 480 Age
547 436 666 466 nunc
688 420 759 466 dic
782 423 888 466 mihi
905 457 915 476 ‚
942 422 975 466 si
998 422 1178 467 omnino
1202 423 1397 467 nesciens
1420 423 1551 484 hujus
1573 425 1697 470 verbi

299 492 387 536 vim
399 527 409 547 ,
426 492 502 537 abs
524 502 566 536 te
580 492 833 538 ambulante
846 508 1112 553 quaererem,
1133 493 1243 554 quid
1253 494 1307 539 sit
1320 494 1565 551 ambulare⁷
1583 511 1697 556 quo-

301 562 434 608 modo
445 578 516 607 me
527 562 736 610 doceres?
750 568 830 609 An.
855 563 1052 623 Idipsum
1065 579 1238 623 agerem
1252 563 1475 625 aliquanto
1496 565 1693 623 celerius,

300 643 350 678 ut
370 642 468 693 post
489 634 875 693 interrogationem
898 643 1020 679 tuam
1043 633 1186 696 aliqua
1216 635 1408 680 novitate
1426 636 1693 696 admoneris3

302 712 346 747 01
364 712 510 748 tamen
531 704 641 748 nihil
655 704 775 749 aliud
795 706 940 760 lieret,
961 719 1094 765 quam
1108 705 1152 749 id
1168 706 1288 766 quod
1309 705 1488 751 deberet
1505 708 1694 752 ostendi.

300 777 414 820 Auo.
437 775 610 820 Scis-ne
624 774 742 819 aliud
763 790 852 821 esse
874 774 1114 827 ambulare,
1138 774 1258 820 aliud
1279 775 1510 821 festinare?
1530 780 1639 824 Nam
1653 787 1697 822 et

300 846 378 906 qui
399 845 612 902 ambulat,
628 862 718 891 non
731 847 875 892 statim
891 846 1068 891 festinat
1084 868 1095 904 3
1111 856 1155 891 et
1171 846 1248 907 qui
1271 846 1462 904 festinat,
1484 863 1574 893 non
1587 864 1695 894 con-

300 919 425 964 tinuo
439 919 634 964 ambulat
649 939 657 965 :
678 920 863 965 dicimus
877 920 1051 979 enimiet
1068 920 1113 963 in
1126 920 1356 965 scribendo
1369 930 1412 965 et
1426 920 1472 964 in
1488 919 1692 979 legendo,

304 989 483 1051 aliisque
500 990 894 1035 innumerabilibus
913 991 1044 1035 rebus
1062 991 1402 1035 festinationem.
1429 993 1572 1045 Quare
1594 1006 1696 1035 cum

302 1059 435 1116 illud,
463 1060 584 1121 quod
605 1061 759 1120 agebas
776 1097 786 1116 ‚
812 1061 994 1106 celerius
1017 1077 1164 1122 ageres
1185 1072 1283 1122 post
1310 1061 1695 1120 interrogationem

306 1147 442 1175 ineam
455 1167 465 1187 ,
483 1142 683 1191 putarem
697 1132 922 1177 ambulare
939 1132 1049 1177 1111111
1067 1149 1156 1178 0550
1171 1132 1291 1177 aliud
1303 1148 1436 1193 quam
1460 1132 1665 1177 festinare
1682 1152 1690 1176 :

304 1202 350 1246 id
376 1203 494 1246 enim
527 1204 631 1248 novi
657 1202 911 1262 addidera83
936 1213 980 1248 et
1002 1205 1059 1249 ob
1091 1205 1176 1249 1100
1208 1203 1395 1248 fallerer.
1422 1207 1503 1249 An.
1538 1207 1695 1248 Fateor

305 1290 394 1318 rem
411 1290 501 1319 non
524 1290 648 1335 posse
666 1291 745 1320 nos
757 1285 996 1320 monstrare
1018 1276 1110 1320 51110
1128 1277 1253 1336 signo
1266 1312 1276 1332 ‚
1293 1277 1327 1320 si
1344 1291 1445 1321 cum
1457 1276 1505 1320 id
1526 1275 1692 1335 agimus

302 1346 643 1404 interrogemur:
668 1345 703 1390 si
730 1346 846 1390 enim
868 1345 976 1390 nihil
1003 1346 1237 1402 addamus,
1259 1347 1433 1407 putabit
1460 1346 1537 1407 qui
1571 1355 1695 1405 rogat

303 1416 422 1462 nolle
444 1432 523 1462 nos
545 1417 797 1473 ostendere,
824 1427 1166 1479 contemptoque
1183 1434 1226 1463 se
1248 1419 1293 1462 in
1316 1434 1367 1463 00
1389 1419 1512 1479 quod
1532 1418 1691 1477 ageba-

300 1503 398 1532 mus
419 1503 708 1548 perseverare.
733 1486 817 1532 Sed
831 1488 865 1532 si
881 1488 936 1532 de
953 1489 1018 1532 his
1036 1498 1160 1548 roget
1173 1504 1272 1550 quae
1295 1503 1422 1548 agere
1443 1499 1690 1549 possumus,

300 1574 381 1603 1100
403 1574 455 1603 eo
478 1568 623 1604 tamen
637 1568 833 1619 tempore
854 1574 945 1619 quo
962 1559 1128 1618 agimus
1149 1569 1295 1618 roget,
1312 1575 1542 1620 possumus
1558 1595 1569 1615 ,
1595 1569 1694 1620 post

301 1631 392 1691 ejus
410 1630 794 1690 interrogationem
810 1629 855 1675 id
872 1630 1043 1690 agendo
1054 1666 1066 1687 ,
1082 1646 1128 1675 re
1147 1631 1238 1691 ipsa
1259 1633 1404 1691 potius
1418 1646 1551 1693 quam
1568 1631 1693 1691 signo

301 1701 599 1749 demonstrare
616 1700 738 1762 quod
750 1710 900 1760 rogat:
924 1701 1004 1745 nisi
1018 1700 1132 1747 forte
1150 1702 1406 1763 loquentem
1418 1717 1489 1747 me
1506 1695 1693 1749 interro-

304 1781 376 1830 get
395 1771 504 1833 quid
518 1772 572 1817 sit
592 1771 734 1833 loqui:
752 1771 970 1833 quidquid
986 1773 1103 1817 enim
1120 1771 1268 1818 dixero
1279 1808 1290 1829 ,
1307 1782 1359 1818 ut
1371 1789 1473 1818 eum
1490 1772 1688 1831 doceam,

302 1844 458 1906 loquar
479 1860 652 1890 necesse
671 1854 761 1890 est:
781 1861 834 1890 ex
855 1861 944 1906 quo
967 1854 1141 1891 secutus
1163 1844 1357 1902 docebo,
1379 1845 1534 1892 donec
1528 1847 1575 1900 gi
1598 1847 1692 1908 pla-

303 1930 412 1961 num
435 1913 591 1961 faciam
611 1917 733 1976 quod
752 1916 869 1972 vult,
885 1933 975 1962 non
1004 1916 1208 1962 recedens
1232 1933 1254 1961 a
1277 1933 1323 1962 re
1344 1918 1436 1978 ipsa
1452 1932 1586 1991 quam
1608 1918 1691 1964 sibi

301 1985 441 2031 voluit
463 1985 772 2044 demonstrari,
796 2003 878 2035 nec
894 1988 1016 2047 signa
1038 2004 1238 2050 quaerens
1250 1988 1409 2050 quibus
1425 2004 1522 2062 eam
1543 1998 1690 2036 osten-

301 2057 403 2104 dam
424 2064 582 2118 praeter
602 2058 755 2118 ipsam.
