1888 3168
333 155 413 192 452
769 169 799 191 s.
841 167 940 190 ,iu-‚i
957 168 1066 192 siim
1103 167 1280 192 nemitori

327 244 422 273 rum
447 229 717 287 passionibus
742 229 1024 281 adhibentur,
1052 239 1100 274 ut
1132 240 1235 274 sunt
1252 246 1350 274 cum
1375 230 1460 274 illae
1483 233 1709 278 oculorum

324 308 571 343 nostrorum
589 297 733 342 lucem
757 298 908 344 ibrinre
929 299 1237 360 interpellant,
1260 308 1335 344 aut
1351 300 1396 344 in
1419 316 1543 346 aures
1565 302 1712 347 influit

322 384 453 413 sonus
469 403 480 424 ‚
510 377 585 413 aut
603 369 778 413 naribus
800 369 1119 426 exhalationes,
1151 368 1298 430 palato
1327 386 1499 431 sapores
1520 406 1531 427 ,
1555 381 1711 418 caetero

321 439 492 499 corpori
514 438 725 500 quaelibet
744 440 881 485 solida
895 449 938 484 et
955 439 1213 500 corpulenta
1231 441 1522 487 admoventur
1544 443 1712 488 extrin-

320 525 460 567 secus,
476 509 546 554 vel
561 509 607 554 in
629 509 721 570 ipso
744 526 925 570 corpore
943 510 997 554 de
1015 510 1112 556 loco
1126 511 1170 555 in
1185 510 1333 556 locum
1347 512 1505 573 migrat
1526 512 1709 574 aliquid,

319 581 408 625 sive
431 581 599 638 transit,
613 581 683 627 vel
706 591 848 626 totum
871 582 1014 642 ipsum
1029 598 1186 643 corpus
1204 599 1282 629 suo
1305 584 1502 630 alienove
1518 583 1713 646 pondere

320 662 522 698 movetur
551 673 561 698 ι
587 654 655 698 hae
677 663 778 698 sunt
800 654 1072 713 operationes
1102 671 1209 717 quas
1231 655 1410 701 adhibet
1432 656 1575 701 anima
1597 671 1712 717 prae-

319 723 575 769 cedentibus
598 725 869 784 passionibus
891 727 1111 785 corpori83
1137 742 1236 787 quae
1252 726 1473 772 delectant
1495 742 1590 771 eam
1603 742 1715 772 asso-

320 793 531 851 ciantem,
557 794 795 841 offendunt
831 796 1116 842 resistentem.
1151 800 1264 843 Cum
1299 806 1446 842 autem
1474 798 1530 842 ab
1552 797 1714 843 eisdem

320 867 406 911 suis
428 867 754 927 operationibus
776 867 942 929 aliquid
959 869 1137 929 patitur,
1159 885 1182 913 a
1197 885 1242 914 se
1263 869 1355 930 ipsa
1376 869 1558 930 patitur,
1579 884 1670 914 non
1691 885 1715 914 a

318 953 527 998 corpore3
552 939 628 984 sed
651 939 780 1000 plane
803 956 905 985 eum
938 956 981 985 se
1004 940 1307 987 accommodat
1329 941 1500 1002 corpori
1519 960 1528 986 :
1550 949 1594 985 et
1613 939 1713 986 ideo

321 1009 440 1069 apud
456 1026 498 1054 se
523 1010 659 1071 ipsam
672 1011 814 1056 minus
833 1020 911 1068 est,
929 1012 1031 1073 quia
1051 1028 1208 1073 corpus
1226 1029 1396 1074 semper
1417 1013 1563 1058 minus
1582 1026 1715 1074 quam

324 1080 415 1140 ipsa
438 1091 516 1126 est.

380 1154 507 1196 XIII.
533 1154 752 1199 Conversa
774 1169 875 1212 ergo
901 1170 924 1199 a
952 1155 1141 1200 Domino
1163 1171 1242 1201 suo
1277 1157 1331 1201 ad
1353 1171 1527 1201 servum
1562 1169 1713 1211 suum,

321 1223 560 1268 necessario
574 1223 722 1269 deficit
741 1244 748 1270 z
775 1241 983 1270 conversa
1004 1226 1108 1270 item
1132 1242 1155 1270 a
1173 1242 1296 1273 servo
1318 1243 1396 1273 suo
1410 1226 1465 1271 ad
1479 1227 1718 1272 Dominum

321 1310 467 1351 suum,
493 1296 734 1341 necessario
757 1297 951 1357 proficit,
979 1307 1022 1342 et
1044 1298 1213 1358 praebet
1237 1298 1380 1344 eidem
1409 1314 1535 1345 servo
1557 1296 1717 1343 facilli-

322 1381 440 1410 mam
456 1367 607 1424 vitam‚
628 1377 672 1412 et
684 1378 914 1428 propterea
931 1369 1109 1413 minime
1123 1385 1349 1429 operosam
1371 1380 1415 1415 et
1430 1370 1715 1430 negotiosam‚

326 1435 381 1479 ad
410 1453 542 1496 quam
570 1448 749 1496 propter
781 1454 996 1483 summam
1029 1439 1221 1499 quietem
1254 1439 1377 1485 nulla
1403 1439 1718 1501 detorqueatur

325 1507 532 1564 attenti03
558 1507 672 1551 sicut
704 1516 768 1551 est
789 1509 965 1553 affectio
996 1510 1190 1569 corporis
1211 1526 1311 1571 quae
1342 1511 1499 1555 sanitas
1521 1509 1682 1554 dicitur
1706 1528 1715 1555 ε

323 1575 445 1621 nulla
467 1577 629 1637 quippe
652 1578 892 1622 attentione
915 1587 1061 1622 nostra
1084 1593 1192 1638 opus
1217 1579 1350 1623 habet
1372 1614 1384 1635 ‚
1405 1595 1496 1624 non
1517 1579 1621 1640 quia
1647 1579 1717 1624 ni-

327 1646 390 1692 hil
417 1657 522 1692 tune
536 1648 625 1707 agit
647 1648 790 1693 anima
807 1649 853 1693 in
870 1664 1069 1709 corpore,
1090 1648 1166 1693 sed
1184 1650 1286 1711 quia
1303 1649 1413 1694 nihil
1428 1649 1596 1695 facilius
1614 1651 1716 1710 agit.

328 1721 438 1764 Nam
460 1719 505 1763 in
524 1720 730 1764 omnibus
752 1720 958 1781 operibus
982 1720 1150 1774 nostris
1163 1730 1286 1766 tanto
1308 1720 1552 1783 quidquam
1583 1730 1721 1766 atten-

329 1790 428 1846 tius,
446 1800 611 1852 quanto
624 1790 846 1836 difficilius
864 1794 1137 1852 operamur1.
1158 1794 1262 1837 Haec
1277 1801 1424 1836 autem
1443 1793 1602 1838 sanitas
1615 1802 1720 1838 tunc

328 1862 572 1908 firmissima
590 1864 671 1908 erit
693 1874 825 1924 atque
848 1865 1097 1921 certissima,
1123 1880 1223 1909 cum
1245 1865 1440 1925 pristinae
1454 1864 1687 1910 stabilitati
1707 1901 1717 1921 ‚

330 1944 450 1980 certo
472 1951 549 1980 suo
567 1944 762 1996 tempore
790 1945 920 1997 atque
943 1935 1095 1981 ordine
1112 1972 1122 1992 ,
1150 1937 1234 1981 hoc
1257 1952 1414 1997 corpus
1436 1936 1570 1982 fuerit
1591 1937 1719 1982 resti-

333 2017 479 2052 tutum
502 2043 512 2065 ,
535 2025 634 2069 quae
658 2009 916 2053 resurrectio
936 2010 1027 2069 ejus
1045 2018 1279 2070 antequam
1298 2009 1545 2070 plenissime
1567 2009 1724 2054 intelli-

335 2089 484 2138 gatur,
501 2079 732 2124 salubriter
754 2080 961 2125 creditur.
983 2081 1169 2141 Oportet
1187 2082 1303 2125 enim
1324 2081 1511 2126 animam
1530 2090 1572 2125 et
1594 2081 1684 2141 regi
1698 2096 1723 2125 a

333 2152 576 2212 superiore,
602 2162 646 2197 et
667 2168 812 2212 regere
838 2152 1106 2198 inferiorem.
1141 2154 1345 2214 Superior
1366 2153 1440 2198 illa
1463 2152 1579 2198 solus
1606 2156 1723 2197 Deus

334 2232 412 2279 est,
429 2222 608 2268 inferius
628 2223 700 2268 illa
723 2223 865 2269 solum
887 2240 1060 2285 corpus,
1088 2225 1121 2269 si
1141 2224 1196 2270 ad
1218 2240 1391 2269 omnem
1413 2233 1456 2269 et
1477 2233 1615 2269 totam
1632 2223 1723 2268 ani-

334 2310 450 2339 mam
464 2295 677 2339 intendas.
692 2297 750 2339 Ut
765 2311 868 2354 ergo
882 2305 972 2340 tota
991 2311 1080 2340 esse
1095 2296 1185 2340 sine
1207 2295 1410 2352 Domino,
1432 2296 1492 2340 sic
1513 2294 1720 2340 excellere

334 2367 424 2410 sine
446 2382 568 2411 servo
603 2383 692 2411 non
715 2376 870 2426 potest.
900 2369 955 2411 Ut
978 2376 1122 2411 autem
1146 2367 1355 2412 Dominus
1379 2367 1471 2427 ejus
1493 2366 1628 2425 magis
1655 2374 1719 2409 est

335 2454 465 2499 quam
489 2439 600 2498 ipsa,
622 2439 681 2483 ita
706 2454 850 2483 servus
876 2439 1032 2484 minus.
1059 2442 1201 2492 Quare
1223 2439 1389 2483 intenta
1413 2439 1458 2483 in
1480 2438 1716 2483 Dominum

386 2532 394 2547 ¹
421 2536 432 2557 1
457 2527 594 2557 Retranl.
616 2536 688 2567 cip,
712 2526 860 2566 x1‚n.3.
