1883 3194
606 260 930 294 HIPPONENSIS
963 262 1240 296 EPISCOPUS.
1587 269 1616 316 9

227 363 251 386 ³·
266 347 434 394 lumen
447 346 721 405 effundens,
736 349 1376 397 densaslicethaereticorum
1391 350 1617 416 caligines

228 441 248 463 »
280 423 475 473 discutis
491 461 502 481 ‚
532 433 579 472 et
602 425 761 473 lucem
777 427 991 473 veritatis
1017 444 1044 474 a
1071 427 1356 475 confusione
1388 429 1619 477 tenebra-

227 520 250 542 »
277 518 405 558 rum,
422 503 681 566 splendore
693 503 884 551 clarifici
895 505 1136 551 sermonis
1147 506 1384 554 enubilas!
1401 506 1473 552 Os
1487 507 1620 553 enim

224 596 247 619 >³
274 589 414 627 tuum
439 578 649 627 fistulam
677 597 808 643 aquae
826 582 967 638 vivae,
999 590 1045 628 et
1070 599 1247 630 venam
1264 583 1414 630 fontis
1441 583 1618 631 aeterni

225 674 249 697 »
273 659 452 705 merito
480 658 699 705 dixerim.
720 676 742 697 >³
766 657 951 723 (Epist.
966 673 1084 707 xxv.
1103 657 1497 725 apudAugust.)
1515 661 1621 708 'Nec

219 735 386 782 minor
418 735 470 782 in
495 735 754 798 Augustini
788 737 1012 784 laudibus
1034 772 1047 794 ‚
1079 738 1186 784 vitae
1220 738 1371 802 ipsius
1412 738 1621 801 scriptor

219 814 469 861 Possidius
492 833 501 861 :
533 836 555 857 α
570 815 866 879 Augustinus
888 816 1042 863 homo
1061 816 1285 870 coelestiS,
1313 816 1477 880 imago
1501 816 1622 863 divi-

223 909 247 931 »
278 892 439 940 nitatis
455 930 465 949 ‚
486 893 631 939 Pater
647 894 848 940 Patrum
864 929 875 951 ,
896 895 1087 942 Doctor
1098 895 1372 941 Doctorum
1388 927 1400 948 ‚
1420 894 1621 958 abyssus

224 987 247 1009 >³
278 970 554 1034 sapientiae,
591 988 750 1036 praeco
778 972 1018 1027 veritatis,
1066 979 1309 1019 eructator
1342 970 1621 1018 divinorum

224 1064 247 1087 »
275 1048 608 1110 eloquiorum,
636 1049 896 1111 inquisitor
922 1049 1291 1113 praedictorum;
1324 1049 1622 1114 Augustinus

221 1143 243 1165 >³
275 1126 572 1191 parAngelis
590 1127 642 1174 in
659 1128 867 1184 fervore,
892 1144 981 1192 par
999 1128 1261 1192 Prophetis
1280 1129 1334 1175 in
1354 1128 1622 1176 abscondi-

223 1221 246 1243 »
274 1212 438 1251 torum
460 1206 808 1269 mysteriorum
827 1205 1146 1262 revelatione,
1185 1223 1272 1269 par
1297 1205 1547 1269 Apostolis
1571 1206 1624 1252 in

221 1299 243 1320 »
273 1282 619 1345 praedicatione
634 1319 647 1339 ‚
667 1300 756 1346 par
773 1283 1073 1347 ‘Martyribus
1093 1283 1144 1329 in
1164 1283 1489 1329 desiderando
1510 1299 1625 1346 pas-

222 1377 245 1398 »
275 1360 486 1415 sionem,
509 1376 597 1421 par
619 1360 999 1405 Confessoribus
1018 1360 1068 1404 in
1089 1360 1458 1422 disciplinarum
1471 1360 1626 1407 tradi-

222 1453 245 1475 »
267 1436 475 1492 tione‚et
486 1436 865 1500 parVirgInibus
876 1436 927 1482 in
941 1436 1252 1483 continentiae
1264 1437 1623 1484 observatione.

222 1531 245 1553 >³
274 1514 324 1561 Si
337 1522 510 1561 cuncta
527 1513 750 1577 corporis
776 1514 1003 1559 membra
1015 1522 1320 1560 verterentur
1337 1514 1389 1560 in
1406 1514 1593 1579 linguas
1608 1552 1622 1572 ‚

222 1609 245 1631 »
275 1592 437 1639 adhuc
463 1608 564 1638 non
591 1607 751 1638 essem
770 1589 1010 1638 sufficiens
1032 1592 1093 1638 ad
1116 1591 1419 1638 laudandum
1436 1600 1626 1640 tantum

223 1687 245 1708 »
272 1670 473 1717 Patrem
493 1678 538 1716 et
558 1670 878 1716 Doctorem.»
901 1666 1075 1731 (Epist.
1089 1667 1160 1714 ad
1174 1665 1398 1732 Maced.)
1413 1669 1626 1716 Hilarius

217 1756 380 1795 autem
391 1747 687 1794 Arelatensis
705 1747 986 1809 episcopus:
1015 1746 1254 1797 «Doctor,
1272 1746 1446 1807 inquit,
1472 1747 1627 1793 excel-

223 1842 245 1864 »
275 1824 573 1871 lentissimus
596 1823 898 1887 Augustinus
916 1858 928 1877 ‚
960 1822 1189 1869 defensor
1209 1821 1323 1869 fidei
1345 1831 1547 1881 nostrae,
1575 1825 1625 1871 in

217 1920 240 1947 ))
285 1902 451 1950 divina
467 1901 789 1948 meditatione
809 1916 1004 1964 semper
1022 1901 1242 1948 assiduus
1258 1937 1268 1957 ‚
1295 1910 1433 1948 metu
1450 1902 1624 1948 mortis

223 1997 247 2019 »
275 1979 578 2043 intrepidus,
610 1978 845 2025 destruxit
876 1978 1157 2043 sacrilegos,
1204 1988 1346 2041 atque
1383 1980 1628 2043 superavit

223 2075 246 2097 »
281 2057 583 2105 haereticos...
617 2074 638 2095 >³
678 2053 879 2119 (Epist.
911 2054 982 2101 ad
1018 2055 1198 2103 Amat.
1225 2053 1244 2120 )
1289 2057 1334 2103 S.
1374 2056 1623 2120 Prosper:

220 2157 244 2179 ι(
271 2136 318 2183 S.
337 2135 653 2199 -Augustinus
692 2134 974 2197 episcopus,
1030 2150 1140 2181 acer
1190 2134 1389 2199 ingenio
1404 2169 1416 2191 ,
1466 2135 1625 2181 suavis

223 2231 246 2253 »
275 2213 469 2275 eloquio
485 2248 496 2270 ‚
523 2212 761 2260 saecularis
786 2212 1066 2259 litteraturae
1093 2211 1275 2275 peritus
1291 2249 1302 2269 ‚
1326 2212 1377 2258 in
1395 2212 1624 2261 Ecclesiae

222 2308 246 2330 »
276 2291 527 2338 laboribus
551 2306 804 2354 operosu3‚
826 2290 878 2336 in
897 2289 1194 2352 quotidianis
1214 2289 1624 2353 disputationibus

222 2386 245 2407 n
274 2368 429 2416 clarus
447 2405 458 2425 ‚
488 2369 541 2415 in
568 2368 708 2414 omni
736 2368 928 2414 actione
956 2384 1046 2414 sua
1065 2376 1321 2431 comptus,
1348 2368 1399 2414 in
1427 2368 1620 2431 exposi-

218 2463 241 2490 n
270 2446 407 2493 tione
426 2446 546 2494 fidei
569 2455 746 2494 nostrae
782 2446 1070 2502 catholicus,
1103 2446 1153 2492 in
1179 2446 1523 2508 quaestionibus
1548 2446 1626 2493 ab·

225 2541 246 2563 »
276 2525 523 2571 solvendis
544 2535 706 2573 acutus
726 2562 736 2581 ‚
765 2525 816 2571 in
833 2524 1137 2572 revincendis
1164 2524 1400 2572 haereticis
1415 2524 1621 2572 circum—

226 2619 248 2639 »
275 2610 468 2665 spectus
484 2638 496 2658 ‚
535 2612 581 2649 et
624 2603 676 2649 in
723 2602 1020 2665 explicandis
1069 2594 1327 2664 Scripturis
1371 2602 1615 2650 canonicis
