1888 3168
507 212 630 239 LIBER
664 212 718 239 DE
751 207 1112 238 IMMORTALITATE
1147 209 1309 238 ANIMAE.
1520 200 1598 239 231

207 365 626 384 thmmvxmxfflmmvvm
631 362 1607 382 WQNUMMWVQWWWUWUMMKWXWQWWUKWSW

706 489 925 540 CAPUT
961 490 1107 537 VIII.

216 644 282 689 Ut
298 643 494 705 corpori
505 657 603 689 non
624 650 786 704 potest
805 641 997 706 auferri
1009 656 1104 701 quo
1124 655 1300 702 corpus
1316 647 1415 686 est:
1438 640 1510 686 ita
1523 654 1613 686 nee

609 716 775 761 animo
791 730 885 775 quo
903 715 1095 760 animus
1120 721 1205 759 est.

267 867 396 910 XIII.
432 866 561 919 Quor>
596 864 631 909 si
658 880 749 910 non
782 864 829 909 id
853 863 975 926 quod
1002 872 1068 908 est
1088 863 1134 909 in
1155 862 1273 908 mole
1294 861 1511 923 corporis,
1538 861 1616 907 sed

206 936 255 981 id
280 935 403 998 quod
424 935 471 980 in
499 936 641 997 specie
664 935 770 981 facit
792 951 951 997 corpus
975 951 1067 981 esse
1082 971 1093 991 ‚
1119 951 1221 997 quae
1243 934 1462 979 sententia
1477 932 1618 979 invic-

207 1009 318 1054 tiore
351 1009 520 1054 ratione
540 1009 833 1070 approbatur,
873 1016 997 1053 tanto
1020 1007 1137 1052 enim
1159 1007 1296 1067 magis
1329 1016 1394 1052 est
1426 1022 1585 1067 corpus
1601 1041 1613 1062 ,

206 1091 376 1142 quanto
413 1080 649 1143 speciosius
687 1089 752 1125 est
781 1090 915 1142 atque
936 1079 1189 1141 pulchrius3
1219 1088 1434 1140 tantoque
1471 1078 1617 1123 minus

206 1162 293 1209 est,
316 1162 486 1214 quanto
507 1151 675 1198 foedius
703 1168 752 1197 ac
770 1152 1011 1197 deformius
1029 1172 1039 1211 3
1060 1168 1162 1213 quae
1180 1149 1372 1197 defectio
1392 1166 1483 1196 non
1503 1166 1618 1211 prae-

205 1225 368 1269 cisione
380 1224 508 1269 molis
523 1260 535 1280 ,
557 1224 613 1269 de
635 1240 724 1286 qua
739 1224 831 1285 jam
854 1223 955 1268 satis
970 1233 1118 1268 actum
1137 1231 1202 1268 est
1218 1258 1229 1279 ,
1255 1221 1332 1267 sed
1353 1221 1513 1283 speciei
1530 1221 1619 1282 pri-

205 1296 382 1341 vatione
417 1296 635 1356 contingit
663 1316 670 1341 :
697 1295 989 1358 quaerendum
1021 1294 1076 1339 de
1106 1295 1190 1340 hac
1229 1310 1276 1338 re
1310 1293 1546 1353 diligenter
1568 1310 1619 1339 ac

205 1367 531 1413 discutiendum
555 1377 641 1424 θεῖ,
674 1383 730 1412 ne
757 1367 855 1428 quis
895 1368 1087 1411 affirmet
1116 1366 1315 1411 animum
1337 1364 1414 1410 tali
1438 1363 1618 1410 defectu

205 1439 384 1484 interire
401 1475 412 1495 ,
438 1449 490 1484 ut
510 1439 719 1500 quoniam
738 1438 881 1499 specie
901 1437 1048 1498 aliqua
1069 1454 1148 1483 sua
1166 1438 1367 1498 privatur
1385 1437 1493 1483 dum
1510 1436 1617 1483 stu]-

210 1521 280 1556 tus
309 1518 395 1567 θεῖ,
422 1511 627 1555 credatur
655 1510 701 1554 in
724 1519 899 1554 tantum
929 1510 1078 1570 augeri
1102 1525 1229 1570 posse
1257 1509 1372 1555 hanc
1405 1509 1618 1570 privatio-

206 1598 323 1636 nem,
346 1591 396 1626 ut
419 1582 540 1627 omni
561 1581 697 1626 modo
719 1582 862 1642 specie
880 1581 1037 1642 spoliet
1065 1581 1286 1636 animum,
1307 1590 1351 1626 et
1368 1597 1418 1627 ea
1439 1581 1541 1626 labe
1560 1579 1617 1625 ad

206 1653 397 1698 nihilum
422 1652 592 1712 redigat
615 1661 831 1713 cogatque
853 1653 1046 1696 interire.
1074 1652 1373 1706 Quamobrem
1397 1653 1431 1697 si
1456 1661 1618 1713 potue-

206 1725 342 1770 rimus
364 1726 599 1785 impetrare
630 1733 682 1768 ut
715 1722 997 1779 ostendatur,
1036 1738 1093 1767 ne
1117 1723 1290 1784 corpori
1313 1723 1496 1785 quidem
1532 1725 1618 1769 hoc

205 1812 331 1857 posse
353 1795 573 1850 accidere,
616 1803 667 1839 ut
689 1795 822 1839 etiam
860 1810 910 1839 ea
942 1794 1085 1855 specie
1108 1795 1309 1854 privetur
1348 1811 1437 1856 qua
1459 1807 1618 1856 corpus

206 1878 292 1924 θεῖ,
324 1868 424 1928 jure
445 1867 629 1911 tortasse
650 1865 950 1911 obtinebimus
971 1865 1116 1911 multo
1139 1866 1285 1912 minus
1306 1865 1471 1911 auferri
1492 1882 1619 1928 posse

207 1941 355 1985 animo
377 1956 467 2001 quo
491 1939 662 1984 animus
684 1948 762 1984 θεῖ.
794 1937 1022 2000 Siquidem
1039 1954 1171 1984 nemo
1196 1954 1241 1984 se
1266 1939 1382 1984 bene
1404 1939 1615 2001 inspexit,

206 2013 284 2074 qui
305 2028 397 2058 non
412 2012 534 2057 omni
552 2011 726 2073 corpori
747 2010 1037 2073 qualemlibet
1054 2012 1252 2057 animum
1264 2012 1617 2074 praeponendum

207 2098 298 2129 esse
319 2083 526 2129 fateatur.

266 2157 388 2200 XIV.
427 2155 637 2215 Sitigitur
658 2164 819 2199 nostrae
844 2155 1187 2201 ratiocinationis
1211 2155 1465 2214 exordium,
1492 2157 1616 2219 quod

207 2226 331 2273 nulla
356 2242 425 2271 res
448 2243 492 2272 se
513 2225 619 2272 facit
640 2236 717 2272 aut
736 2227 896 2287 gignit,
922 2226 1119 2289 alioquin
1142 2238 1235 2275 erat
1256 2238 1358 2274 ante
1390 2245 1525 2291 quam
1548 2245 1616 2275 es-

208 2310 272 2346 set
296 2320 305 2345 :
331 2299 455 2361 quod
476 2299 509 2345 si
532 2298 694 2345 falsum
716 2309 780 2345 est
795 2336 811 2357 ,ἢ
830 2298 944 2345 illud
964 2309 1030 2346 est
1050 2316 1221 2346 verum.
1251 2305 1364 2347 Item
1383 2301 1506 2364 quod
1521 2301 1614 2348 fac-

209 2381 306 2416 tum
329 2380 530 2416 ortumve
546 2388 638 2416 non
655 2380 719 2416 est
737 2407 748 2427 ,
772 2380 981 2416 ettamen
999 2382 1085 2429 est,
1116 2373 1435 2434 sempiternum
1457 2375 1512 2421 sit
1531 2390 1612 2419 ne-

209 2457 326 2488 cesse
352 2452 430 2487 est.
468 2444 611 2496 Quam
645 2452 848 2487 naturam
871 2452 915 2487 et
952 2442 1255 2489 excellentiam
1294 2445 1492 2507 quisquis
1532 2445 1613 2491 ulli

209 2514 381 2575 corpori
403 2513 500 2569 dat,
526 2523 642 2558 errat
671 2514 957 2560 vehementer
983 2514 1180 2580 quidem.
1212 2517 1298 2562 Sed
1321 2517 1429 2578 quid
1442 2533 1613 2578 pugna-

210 2588 338 2630 mus?
359 2584 502 2630 multo
524 2586 641 2629 enim
663 2586 799 2645 magis
831 2601 926 2630 eam
951 2585 1055 2631 (lare
1079 2587 1224 2633 animo
1244 2589 1457 2647 cogimur.
1487 2591 1551 2633 Ita
1576 2588 1607 2633 si
