<?xml version="1.0" encoding="UTF-8"?>
<!DOCTYPE html PUBLIC "-//W3C//DTD XHTML 1.0 Transitional//EN"
    "http://www.w3.org/TR/xhtml1/DTD/xhtml1-transitional.dtd">
<html xmlns="http://www.w3.org/1999/xhtml" xml:lang="en" lang="en">
 <head>
  <title>
</title>
<meta http-equiv="Content-Type" content="text/html;charset=utf-8" />
  <meta name='ocr-system' content='tesseract 3.04.00' />
  <meta name='ocr-capabilities' content='ocr_page ocr_carea ocr_par ocr_line ocrx_word'/>
</head>
<body>
  <div class='ocr_page' id='page_1' title='image "./operaomniaaccura01auguuoft_0387.png"; bbox 0 0 1888 3168; ppageno 0'>
   <div class='ocr_carea' id='block_1_1' title="bbox 653 226 1572 266">
    <p class='ocr_par' dir='ltr' id='par_1_1' title="bbox 653 226 1572 266">
     <span class='ocr_line' id='line_1_1' title="bbox 653 226 1572 266; baseline 0.001 -1"><span class='ocrx_word' id='word_1_1' title='bbox 653 238 707 265; x_wconf 79' lang='lat' dir='ltr'>m:</span> <span class='ocrx_word' id='word_1_2' title='bbox 739 237 894 266; x_wconf 73' lang='lat' dir='ltr'>MU51cA</span> <span class='ocrx_word' id='word_1_3' title='bbox 927 239 1010 265; x_wconf 70' lang='lat' dir='ltr'>Lm.</span> <span class='ocrx_word' id='word_1_4' title='bbox 1047 241 1096 266; x_wconf 87' lang='lat'>11.</span> <span class='ocrx_word' id='word_1_5' title='bbox 1488 226 1572 266; x_wconf 88' lang='lat'>377</span> 
     </span>
    </p>
   </div>
   <div class='ocr_carea' id='block_1_2' title="bbox 175 302 1586 2517">
    <p class='ocr_par' dir='ltr' id='par_1_2' title="bbox 175 302 1586 1729">
     <span class='ocr_line' id='line_1_2' title="bbox 181 302 1574 366; baseline 0.002 -19"><span class='ocrx_word' id='word_1_6' title='bbox 181 302 396 349; x_wconf 77' lang='lat' dir='ltr'>duntaxat</span> <span class='ocrx_word' id='word_1_7' title='bbox 409 304 724 364; x_wconf 80' lang='lat' dir='ltr'>amphibracho</span> <span class='ocrx_word' id='word_1_8' title='bbox 738 327 749 364; x_wconf 77' lang='lat'><em>3</em></span> <span class='ocrx_word' id='word_1_9' title='bbox 765 305 903 366; x_wconf 84' lang='lat' dir='ltr'>quaeri</span> <span class='ocrx_word' id='word_1_10' title='bbox 915 321 1005 349; x_wconf 87' lang='lat' dir='ltr'>non</span> <span class='ocrx_word' id='word_1_11' title='bbox 1019 306 1236 350; x_wconf 90' lang='lat' dir='ltr'>immerito</span> <span class='ocrx_word' id='word_1_12' title='bbox 1250 315 1409 366; x_wconf 84' lang='lat' dir='ltr'>potest,</span> <span class='ocrx_word' id='word_1_13' title='bbox 1423 315 1574 351; x_wconf 87' lang='lat' dir='ltr'>utrum</span> 
     </span>
     <span class='ocr_line' id='line_1_3' title="bbox 180 377 1573 439; baseline 0.001 -19"><span class='ocrx_word' id='word_1_14' title='bbox 180 386 298 421; x_wconf 89' lang='lat' dir='ltr'>recte</span> <span class='ocrx_word' id='word_1_15' title='bbox 318 377 603 432; x_wconf 79' lang='lat' dir='ltr'><strong>misceantur,</strong></span> <span class='ocrx_word' id='word_1_16' title='bbox 637 378 714 438; x_wconf 89' lang='lat' dir='ltr'>qui</span> <span class='ocrx_word' id='word_1_17' title='bbox 739 393 993 439; x_wconf 83' lang='lat' dir='ltr'>quanquam</span> <span class='ocrx_word' id='word_1_18' title='bbox 1027 378 1113 422; x_wconf 90' lang='lat' dir='ltr'>sint</span> <span class='ocrx_word' id='word_1_19' title='bbox 1141 378 1331 438; x_wconf 82' lang='lat' dir='ltr'>aequales</span> <span class='ocrx_word' id='word_1_20' title='bbox 1354 388 1573 439; x_wconf 88' lang='lat' dir='ltr'>tempore,</span> 
     </span>
     <span class='ocr_line' id='line_1_4' title="bbox 180 447 1578 510; baseline 0.001 -18"><span class='ocrx_word' id='word_1_21' title='bbox 180 464 270 493; x_wconf 90' lang='lat' dir='ltr'>non</span> <span class='ocrx_word' id='word_1_22' title='bbox 290 447 443 493; x_wconf 87' lang='lat' dir='ltr'>eadem</span> <span class='ocrx_word' id='word_1_23' title='bbox 459 458 603 492; x_wconf 81' lang='lat' dir='ltr'>tamen</span> <span class='ocrx_word' id='word_1_24' title='bbox 625 450 903 509; x_wconf 84' lang='lat' dir='ltr'>percussione</span> <span class='ocrx_word' id='word_1_25' title='bbox 921 448 1217 505; x_wconf 80' lang='lat' dir='ltr'>concordant,</span> <span class='ocrx_word' id='word_1_26' title='bbox 1237 465 1337 510; x_wconf 80' lang='lat' dir='ltr'>quae</span> <span class='ocrx_word' id='word_1_27' title='bbox 1360 449 1578 494; x_wconf 81' lang='lat' dir='ltr'>levatione</span> 
     </span>
     <span class='ocr_line' id='line_1_5' title="bbox 180 519 1576 580; baseline 0 -16"><span class='ocrx_word' id='word_1_28' title='bbox 180 535 230 564; x_wconf 88' lang='lat' dir='ltr'>ac</span> <span class='ocrx_word' id='word_1_29' title='bbox 251 520 466 580; x_wconf 85' lang='lat' dir='ltr'>positione</span> <span class='ocrx_word' id='word_1_30' title='bbox 488 528 633 580; x_wconf 88' lang='lat' dir='ltr'>partes</span> <span class='ocrx_word' id='word_1_31' title='bbox 656 520 779 580; x_wconf 86' lang='lat' dir='ltr'>pedis</span> <span class='ocrx_word' id='word_1_32' title='bbox 808 521 982 565; x_wconf 88' lang='lat' dir='ltr'>sibimet</span> <span class='ocrx_word' id='word_1_33' title='bbox 1013 519 1199 565; x_wconf 85' lang='lat' dir='ltr'>confert.</span> <span class='ocrx_word' id='word_1_34' title='bbox 1226 522 1337 566; x_wconf 85' lang='lat' dir='ltr'>Nam</span> <span class='ocrx_word' id='word_1_35' title='bbox 1356 520 1576 578; x_wconf 85' lang='lat' dir='ltr'>dactylus,</span> 
     </span>
     <span class='ocr_line' id='line_1_6' title="bbox 181 589 1580 652; baseline 0.001 -18"><span class='ocrx_word' id='word_1_36' title='bbox 181 599 224 634; x_wconf 91' lang='lat' dir='ltr'>et</span> <span class='ocrx_word' id='word_1_37' title='bbox 236 599 497 650; x_wconf 70' lang='lat' dir='ltr'>anapaestus,</span> <span class='ocrx_word' id='word_1_38' title='bbox 509 599 552 635; x_wconf 95' lang='lat' dir='ltr'>et</span> <span class='ocrx_word' id='word_1_39' title='bbox 565 591 785 652; x_wconf 86' lang='lat' dir='ltr'>spondeus</span> <span class='ocrx_word' id='word_1_40' title='bbox 801 608 892 637; x_wconf 90' lang='lat' dir='ltr'>non</span> <span class='ocrx_word' id='word_1_41' title='bbox 909 590 1050 636; x_wconf 90' lang='lat' dir='ltr'>solum</span> <span class='ocrx_word' id='word_1_42' title='bbox 1070 589 1310 652; x_wconf 73' lang='lat' dir='ltr'>aequalium</span> <span class='ocrx_word' id='word_1_43' title='bbox 1327 600 1580 651; x_wconf 89' lang='lat' dir='ltr'>temporum</span> 
     </span>
     <span class='ocr_line' id='line_1_7' title="bbox 179 662 1579 726; baseline 0.001 -20"><span class='ocrx_word' id='word_1_44' title='bbox 179 672 296 718; x_wconf 87' lang='lat' dir='ltr'>sunt,</span> <span class='ocrx_word' id='word_1_45' title='bbox 312 662 389 707; x_wconf 84' lang='lat' dir='ltr'>sed</span> <span class='ocrx_word' id='word_1_46' title='bbox 411 663 543 707; x_wconf 91' lang='lat' dir='ltr'>etiam</span> <span class='ocrx_word' id='word_1_47' title='bbox 564 665 871 724; x_wconf 87' lang='lat' dir='ltr'>percutiuntur</span> <span class='ocrx_word' id='word_1_48' title='bbox 893 664 1142 726; x_wconf 77' lang='lat' dir='ltr'>aequaliter:</span> <span class='ocrx_word' id='word_1_49' title='bbox 1162 663 1210 708; x_wconf 90' lang='lat' dir='ltr'>in</span> <span class='ocrx_word' id='word_1_50' title='bbox 1231 663 1436 708; x_wconf 91' lang='lat' dir='ltr'>omnibus</span> <span class='ocrx_word' id='word_1_51' title='bbox 1460 664 1579 708; x_wconf 92' lang='lat' dir='ltr'>enim</span> 
     </span>
     <span class='ocr_line' id='line_1_8' title="bbox 179 734 1582 798; baseline 0.001 -20"><span class='ocrx_word' id='word_1_52' title='bbox 179 744 353 779; x_wconf 88' lang='lat' dir='ltr'>tantum</span> <span class='ocrx_word' id='word_1_53' title='bbox 377 734 559 792; x_wconf 87' lang='lat' dir='ltr'>levatio,</span> <span class='ocrx_word' id='word_1_54' title='bbox 584 746 802 798; x_wconf 86' lang='lat' dir='ltr'>quantum</span> <span class='ocrx_word' id='word_1_55' title='bbox 831 737 989 798; x_wconf 89' lang='lat' dir='ltr'>positio</span> <span class='ocrx_word' id='word_1_56' title='bbox 1012 736 1095 781; x_wconf 90' lang='lat' dir='ltr'>sibi</span> <span class='ocrx_word' id='word_1_57' title='bbox 1119 735 1328 782; x_wconf 80' lang='lat' dir='ltr'>vindicat.</span> <span class='ocrx_word' id='word_1_58' title='bbox 1357 739 1513 797; x_wconf 87' lang='lat' dir='ltr'>Itaque</span> <span class='ocrx_word' id='word_1_59' title='bbox 1533 736 1582 780; x_wconf 92' lang='lat' dir='ltr'>hi</span> 
     </span>
     <span class='ocr_line' id='line_1_9' title="bbox 178 806 1582 871; baseline -0.001 -20"><span class='ocrx_word' id='word_1_60' title='bbox 178 806 261 851; x_wconf 87' lang='lat' dir='ltr'>sibi</span> <span class='ocrx_word' id='word_1_61' title='bbox 282 807 521 852; x_wconf 87' lang='lat' dir='ltr'>miscentur</span> <span class='ocrx_word' id='word_1_62' title='bbox 547 808 708 869; x_wconf 88' lang='lat' dir='ltr'>justius</span> <span class='ocrx_word' id='word_1_63' title='bbox 742 824 874 869; x_wconf 87' lang='lat' dir='ltr'>quam</span> <span class='ocrx_word' id='word_1_64' title='bbox 908 807 1096 871; x_wconf 86' lang='lat' dir='ltr'>quilibet</span> <span class='ocrx_word' id='word_1_65' title='bbox 1123 807 1294 853; x_wconf 84' lang='lat' dir='ltr'>ionicus</span> <span class='ocrx_word' id='word_1_66' title='bbox 1317 807 1482 852; x_wconf 84' lang='lat' dir='ltr'>caeteris</span> <span class='ocrx_word' id='word_1_67' title='bbox 1509 822 1582 851; x_wconf 79' lang='lat' dir='ltr'>sex</span> 
     </span>
     <span class='ocr_line' id='line_1_10' title="bbox 177 878 1581 942; baseline -0.001 -19"><span class='ocrx_word' id='word_1_68' title='bbox 177 887 428 939; x_wconf 88' lang='lat' dir='ltr'>temporum</span> <span class='ocrx_word' id='word_1_69' title='bbox 449 880 651 941; x_wconf 89' lang='lat' dir='ltr'>pedibus.</span> <span class='ocrx_word' id='word_1_70' title='bbox 685 883 877 942; x_wconf 86' lang='lat' dir='ltr'>Uterque</span> <span class='ocrx_word' id='word_1_71' title='bbox 900 882 1065 942; x_wconf 88' lang='lat' dir='ltr'>quippe</span> <span class='ocrx_word' id='word_1_72' title='bbox 1087 880 1255 926; x_wconf 86' lang='lat' dir='ltr'>ionicus</span> <span class='ocrx_word' id='word_1_73' title='bbox 1288 878 1344 924; x_wconf 88' lang='lat' dir='ltr'>ad</span> <span class='ocrx_word' id='word_1_74' title='bbox 1371 878 1581 940; x_wconf 88' lang='lat' dir='ltr'>simplum</span> 
     </span>
     <span class='ocr_line' id='line_1_11' title="bbox 178 950 1584 1013; baseline 0 -18"><span class='ocrx_word' id='word_1_75' title='bbox 178 960 222 995; x_wconf 91' lang='lat' dir='ltr'>et</span> <span class='ocrx_word' id='word_1_76' title='bbox 243 950 431 1011; x_wconf 89' lang='lat' dir='ltr'>duplum</span> <span class='ocrx_word' id='word_1_77' title='bbox 451 953 718 1012; x_wconf 88' lang='lat' dir='ltr'>percutitur,</span> <span class='ocrx_word' id='word_1_78' title='bbox 736 951 826 998; x_wconf 90' lang='lat' dir='ltr'>duo</span> <span class='ocrx_word' id='word_1_79' title='bbox 849 952 1017 998; x_wconf 87' lang='lat' dir='ltr'>scilicet</span> <span class='ocrx_word' id='word_1_80' title='bbox 1039 962 1240 1013; x_wconf 86' lang='lat' dir='ltr'>tempora</span> <span class='ocrx_word' id='word_1_81' title='bbox 1261 961 1453 1013; x_wconf 86' lang='lat' dir='ltr'>quatuor</span> <span class='ocrx_word' id='word_1_82' title='bbox 1475 961 1584 996; x_wconf 91' lang='lat' dir='ltr'>tem-</span> 
     </span>
     <span class='ocr_line' id='line_1_12' title="bbox 178 1022 1580 1082; baseline -0.001 -15"><span class='ocrx_word' id='word_1_83' title='bbox 178 1022 360 1082; x_wconf 87' lang='lat' dir='ltr'>poribus</span> <span class='ocrx_word' id='word_1_84' title='bbox 382 1022 628 1069; x_wconf 81' lang='lat' dir='ltr'>conferens.</span> <span class='ocrx_word' id='word_1_85' title='bbox 648 1024 725 1069; x_wconf 91' lang='lat' dir='ltr'>His</span> <span class='ocrx_word' id='word_1_86' title='bbox 742 1024 956 1070; x_wconf 88' lang='lat' dir='ltr'>molossus</span> <span class='ocrx_word' id='word_1_87' title='bbox 976 1025 1108 1069; x_wconf 86' lang='lat' dir='ltr'>etiam</span> <span class='ocrx_word' id='word_1_88' title='bbox 1125 1025 1172 1068; x_wconf 90' lang='lat' dir='ltr'>in</span> <span class='ocrx_word' id='word_1_89' title='bbox 1188 1025 1270 1068; x_wconf 86' lang='lat' dir='ltr'>hac</span> <span class='ocrx_word' id='word_1_90' title='bbox 1292 1039 1338 1068; x_wconf 90' lang='lat' dir='ltr'>re</span> <span class='ocrx_word' id='word_1_91' title='bbox 1362 1023 1580 1082; x_wconf 84' lang='lat' dir='ltr'>congruit.</span> 
     </span>
     <span class='ocr_line' id='line_1_13' title="bbox 177 1095 1585 1156; baseline 0 -16"><span class='ocrx_word' id='word_1_92' title='bbox 177 1095 337 1140; x_wconf 79' lang='lat' dir='ltr'>Caeteri</span> <span class='ocrx_word' id='word_1_93' title='bbox 357 1111 461 1141; x_wconf 90' lang='lat' dir='ltr'>vero</span> <span class='ocrx_word' id='word_1_94' title='bbox 482 1095 538 1141; x_wconf 89' lang='lat' dir='ltr'>ad</span> <span class='ocrx_word' id='word_1_95' title='bbox 563 1096 840 1142; x_wconf 79' lang='lat' dir='ltr'>tantumdem</span> <span class='ocrx_word' id='word_1_96' title='bbox 858 1119 869 1156; x_wconf 77' lang='lat'>3</span> <span class='ocrx_word' id='word_1_97' title='bbox 892 1113 996 1142; x_wconf 88' lang='lat' dir='ltr'>nam</span> <span class='ocrx_word' id='word_1_98' title='bbox 1017 1097 1064 1141; x_wconf 90' lang='lat' dir='ltr'>in</span> <span class='ocrx_word' id='word_1_99' title='bbox 1086 1097 1152 1142; x_wconf 86' lang='lat' dir='ltr'>his</span> <span class='ocrx_word' id='word_1_100' title='bbox 1168 1095 1377 1142; x_wconf 86' lang='lat' dir='ltr'>levationi</span> <span class='ocrx_word' id='word_1_101' title='bbox 1401 1111 1449 1140; x_wconf 86' lang='lat' dir='ltr'>ac</span> <span class='ocrx_word' id='word_1_102' title='bbox 1471 1095 1585 1156; x_wconf 85' lang='lat' dir='ltr'>posi-</span> 
     </span>
     <span class='ocr_line' id='line_1_14' title="bbox 177 1166 1584 1229; baseline 0 -19"><span class='ocrx_word' id='word_1_103' title='bbox 177 1166 285 1228; x_wconf 85' lang='lat' dir='ltr'>tioni</span> <span class='ocrx_word' id='word_1_104' title='bbox 304 1166 429 1212; x_wconf 85' lang='lat' dir='ltr'>terna</span> <span class='ocrx_word' id='word_1_105' title='bbox 452 1176 650 1229; x_wconf 89' lang='lat' dir='ltr'>tempora</span> <span class='ocrx_word' id='word_1_106' title='bbox 672 1169 948 1213; x_wconf 89' lang='lat' dir='ltr'>tribuuntur.</span> <span class='ocrx_word' id='word_1_107' title='bbox 975 1172 1093 1229; x_wconf 81' lang='lat' dir='ltr'>Ergo</span> <span class='ocrx_word' id='word_1_108' title='bbox 1116 1168 1289 1214; x_wconf 88' lang='lat' dir='ltr'>tametsi</span> <span class='ocrx_word' id='word_1_109' title='bbox 1313 1183 1463 1212; x_wconf 91' lang='lat' dir='ltr'>omnes</span> <span class='ocrx_word' id='word_1_110' title='bbox 1481 1166 1584 1226; x_wconf 81' lang='lat' dir='ltr'>legi-</span> 
     </span>
     <span class='ocr_line' id='line_1_15' title="bbox 176 1238 1585 1301; baseline 0.001 -19"><span class='ocrx_word' id='word_1_111' title='bbox 176 1239 281 1283; x_wconf 89' lang='lat' dir='ltr'>time</span> <span class='ocrx_word' id='word_1_112' title='bbox 303 1238 532 1297; x_wconf 88' lang='lat' dir='ltr'>feriantur,</span> <span class='ocrx_word' id='word_1_113' title='bbox 558 1257 661 1286; x_wconf 87' lang='lat' dir='ltr'>nam</span> <span class='ocrx_word' id='word_1_114' title='bbox 679 1250 724 1285; x_wconf 88' lang='lat' dir='ltr'>et</span> <span class='ocrx_word' id='word_1_115' title='bbox 745 1239 809 1285; x_wconf 90' lang='lat' dir='ltr'>illi</span> <span class='ocrx_word' id='word_1_116' title='bbox 833 1251 919 1286; x_wconf 87' lang='lat' dir='ltr'>tres</span> <span class='ocrx_word' id='word_1_117' title='bbox 949 1240 1094 1301; x_wconf 87' lang='lat' dir='ltr'>simpli</span> <span class='ocrx_word' id='word_1_118' title='bbox 1117 1250 1161 1285; x_wconf 87' lang='lat' dir='ltr'>et</span> <span class='ocrx_word' id='word_1_119' title='bbox 1182 1239 1307 1300; x_wconf 87' lang='lat' dir='ltr'>dupli</span> <span class='ocrx_word' id='word_1_120' title='bbox 1325 1239 1494 1284; x_wconf 86' lang='lat' dir='ltr'>ratione</span> <span class='ocrx_word' id='word_1_121' title='bbox 1508 1275 1519 1294; x_wconf 94' lang='lat'>,</span> <span class='ocrx_word' id='word_1_122' title='bbox 1540 1248 1585 1283; x_wconf 89' lang='lat' dir='ltr'>et</span> 
     </span>
     <span class='ocr_line' id='line_1_16' title="bbox 176 1309 1583 1373; baseline 0.001 -20"><span class='ocrx_word' id='word_1_123' title='bbox 176 1309 249 1353; x_wconf 85' lang='lat' dir='ltr'>alii</span> <span class='ocrx_word' id='word_1_124' title='bbox 278 1320 470 1372; x_wconf 89' lang='lat' dir='ltr'>quatuor</span> <span class='ocrx_word' id='word_1_125' title='bbox 498 1312 636 1373; x_wconf 72' lang='lat' dir='ltr'>aequis</span> <span class='ocrx_word' id='word_1_126' title='bbox 657 1312 857 1372; x_wconf 87' lang='lat' dir='ltr'>partibus</span> <span class='ocrx_word' id='word_1_127' title='bbox 883 1311 1125 1365; x_wconf 81' lang='lat' dir='ltr'>feriuntur,</span> <span class='ocrx_word' id='word_1_128' title='bbox 1152 1321 1302 1354; x_wconf 83' lang='lat' dir='ltr'>tamen</span> <span class='ocrx_word' id='word_1_129' title='bbox 1324 1310 1428 1370; x_wconf 82' lang='lat' dir='ltr'>quia</span> <span class='ocrx_word' id='word_1_130' title='bbox 1452 1309 1583 1370; x_wconf 83' lang='lat' dir='ltr'>plau-</span> 
     </span>
     <span class='ocr_line' id='line_1_17' title="bbox 176 1381 1586 1445; baseline 0 -19"><span class='ocrx_word' id='word_1_131' title='bbox 176 1398 273 1427; x_wconf 89' lang='lat' dir='ltr'>sum</span> <span class='ocrx_word' id='word_1_132' title='bbox 301 1383 566 1445; x_wconf 84' lang='lat' dir='ltr'>inaequalem</span> <span class='ocrx_word' id='word_1_133' title='bbox 598 1384 704 1429; x_wconf 73' lang='lat' dir='ltr'>i&#39;acit</span> <span class='ocrx_word' id='word_1_134' title='bbox 735 1385 816 1429; x_wconf 83' lang='lat' dir='ltr'>ista</span> <span class='ocrx_word' id='word_1_135' title='bbox 848 1381 1104 1441; x_wconf 73' lang='lat' dir='ltr'>permixtio,</span> <span class='ocrx_word' id='word_1_136' title='bbox 1136 1381 1258 1426; x_wconf 86' lang='lat' dir='ltr'>haud</span> <span class='ocrx_word' id='word_1_137' title='bbox 1290 1383 1379 1426; x_wconf 89' lang='lat' dir='ltr'>scio</span> <span class='ocrx_word' id='word_1_138' title='bbox 1412 1398 1466 1426; x_wconf 83' lang='lat' dir='ltr'>an</span> <span class='ocrx_word' id='word_1_139' title='bbox 1483 1383 1586 1442; x_wconf 80' lang='lat' dir='ltr'>jure</span> 
     </span>
     <span class='ocr_line' id='line_1_18' title="bbox 176 1451 1585 1514; baseline 0 -17"><span class='ocrx_word' id='word_1_140' title='bbox 176 1454 433 1513; x_wconf 89' lang='lat' dir='ltr'>repudietur</span> <span class='ocrx_word' id='word_1_141' title='bbox 451 1473 460 1498; x_wconf 76' lang='lat' dir='ltr'><strong><em>z</em></strong></span> <span class='ocrx_word' id='word_1_142' title='bbox 486 1456 567 1497; x_wconf 89' lang='lat' dir='ltr'>nisi</span> <span class='ocrx_word' id='word_1_143' title='bbox 590 1451 699 1514; x_wconf 88' lang='lat' dir='ltr'>quid</span> <span class='ocrx_word' id='word_1_144' title='bbox 720 1452 856 1497; x_wconf 84' lang='lat' dir='ltr'>habes</span> <span class='ocrx_word' id='word_1_145' title='bbox 874 1452 930 1496; x_wconf 80' lang='lat' dir='ltr'>ad</span> <span class='ocrx_word' id='word_1_146' title='bbox 951 1452 1061 1496; x_wconf 77' lang='lat' dir='ltr'>haec.</span> <span class='ocrx_word' id='word_1_147' title='bbox 1084 1456 1141 1498; x_wconf 91' lang='lat' dir='ltr'>D.</span> <span class='ocrx_word' id='word_1_148' title='bbox 1162 1452 1403 1498; x_wconf 88' lang='lat' dir='ltr'>Proclivior</span> <span class='ocrx_word' id='word_1_149' title='bbox 1419 1470 1516 1497; x_wconf 88' lang='lat' dir='ltr'>sum</span> <span class='ocrx_word' id='word_1_150' title='bbox 1538 1455 1585 1498; x_wconf 92' lang='lat' dir='ltr'>in</span> 
     </span>
     <span class='ocr_line' id='line_1_19' title="bbox 175 1523 1586 1586; baseline 0.001 -17"><span class='ocrx_word' id='word_1_151' title='bbox 175 1525 301 1569; x_wconf 85' lang='lat' dir='ltr'>istam</span> <span class='ocrx_word' id='word_1_152' title='bbox 328 1525 606 1569; x_wconf 84' lang='lat' dir='ltr'>sententiam.</span> <span class='ocrx_word' id='word_1_153' title='bbox 640 1527 752 1570; x_wconf 85' lang='lat' dir='ltr'>Nam</span> <span class='ocrx_word' id='word_1_154' title='bbox 780 1523 1009 1585; x_wconf 79' lang='lat' dir='ltr'>inaequalis</span> <span class='ocrx_word' id='word_1_155' title='bbox 1035 1524 1213 1585; x_wconf 83' lang='lat' dir='ltr'>plausus</span> <span class='ocrx_word' id='word_1_156' title='bbox 1236 1525 1463 1586; x_wconf 89' lang='lat' dir='ltr'>quomodo</span> <span class='ocrx_word' id='word_1_157' title='bbox 1491 1541 1586 1570; x_wconf 91' lang='lat' dir='ltr'>sen-</span> 
     </span>
     <span class='ocr_line' id='line_1_20' title="bbox 177 1595 1582 1658; baseline 0.001 -17"><span class='ocrx_word' id='word_1_158' title='bbox 177 1612 275 1641; x_wconf 90' lang='lat' dir='ltr'>sum</span> <span class='ocrx_word' id='word_1_159' title='bbox 304 1612 395 1641; x_wconf 90' lang='lat' dir='ltr'>non</span> <span class='ocrx_word' id='word_1_160' title='bbox 418 1595 618 1641; x_wconf 80' lang='lat' dir='ltr'>ostendat</span> <span class='ocrx_word' id='word_1_161' title='bbox 639 1596 793 1654; x_wconf 81' lang='lat' dir='ltr'>ignoro</span> <span class='ocrx_word' id='word_1_162' title='bbox 814 1616 822 1640; x_wconf 92' lang='lat'>:</span> <span class='ocrx_word' id='word_1_163' title='bbox 849 1597 881 1639; x_wconf 88' lang='lat' dir='ltr'>si</span> <span class='ocrx_word' id='word_1_164' title='bbox 907 1605 1055 1640; x_wconf 83' lang='lat' dir='ltr'>autem</span> <span class='ocrx_word' id='word_1_165' title='bbox 1086 1596 1277 1641; x_wconf 80' lang='lat' dir='ltr'>offendit</span> <span class='ocrx_word' id='word_1_166' title='bbox 1298 1613 1389 1641; x_wconf 91' lang='lat' dir='ltr'>non</span> <span class='ocrx_word' id='word_1_167' title='bbox 1410 1597 1582 1658; x_wconf 82' lang='lat' dir='ltr'>utique,</span> 
     </span>
     <span class='ocr_line' id='line_1_21' title="bbox 177 1667 1333 1729; baseline -0.001 -15"><span class='ocrx_word' id='word_1_168' title='bbox 177 1669 222 1714; x_wconf 83' lang='lat' dir='ltr'>id</span> <span class='ocrx_word' id='word_1_169' title='bbox 239 1678 382 1729; x_wconf 89' lang='lat' dir='ltr'>potest</span> <span class='ocrx_word' id='word_1_170' title='bbox 404 1669 495 1714; x_wconf 89' lang='lat' dir='ltr'>sine</span> <span class='ocrx_word' id='word_1_171' title='bbox 516 1668 624 1713; x_wconf 91' lang='lat' dir='ltr'>vitio</span> <span class='ocrx_word' id='word_1_172' title='bbox 645 1669 778 1729; x_wconf 82' lang='lat' dir='ltr'>hujus</span> <span class='ocrx_word' id='word_1_173' title='bbox 800 1668 1100 1728; x_wconf 73' lang='lat' dir='ltr'>permixtionis</span> <span class='ocrx_word' id='word_1_174' title='bbox 1120 1667 1333 1713; x_wconf 82' lang='lat' dir='ltr'>accidere.</span> 
     </span>
    </p>

    <p class='ocr_par' dir='ltr' id='par_1_3' title="bbox 176 1740 1586 2232">
     <span class='ocr_line' id='line_1_22' title="bbox 236 1740 1584 1802; baseline 0.001 -17"><span class='ocrx_word' id='word_1_175' title='bbox 236 1743 359 1785; x_wconf 83' lang='lat' dir='ltr'>XXI.</span> <span class='ocrx_word' id='word_1_176' title='bbox 385 1744 447 1786; x_wconf 89' lang='lat' dir='ltr'>M.</span> <span class='ocrx_word' id='word_1_177' title='bbox 474 1740 611 1801; x_wconf 83' lang='lat' dir='ltr'>Atqui</span> <span class='ocrx_word' id='word_1_178' title='bbox 639 1740 747 1785; x_wconf 86' lang='lat' dir='ltr'>scias</span> <span class='ocrx_word' id='word_1_179' title='bbox 776 1749 943 1785; x_wconf 86' lang='lat' dir='ltr'>veteres</span> <span class='ocrx_word' id='word_1_180' title='bbox 971 1740 1216 1785; x_wconf 82' lang='lat' dir='ltr'>miscendos</span> <span class='ocrx_word' id='word_1_181' title='bbox 1234 1740 1451 1802; x_wconf 86' lang='lat' dir='ltr'>judicasse</span> <span class='ocrx_word' id='word_1_182' title='bbox 1481 1742 1584 1787; x_wconf 91' lang='lat' dir='ltr'>istos</span> 
     </span>
     <span class='ocr_line' id='line_1_23' title="bbox 176 1811 1580 1873; baseline 0.001 -17"><span class='ocrx_word' id='word_1_183' title='bbox 176 1811 309 1873; x_wconf 88' lang='lat' dir='ltr'>pedes</span> <span class='ocrx_word' id='word_1_184' title='bbox 324 1847 335 1867; x_wconf 84' lang='lat'>,</span> <span class='ocrx_word' id='word_1_185' title='bbox 361 1821 405 1856; x_wconf 93' lang='lat' dir='ltr'>et</span> <span class='ocrx_word' id='word_1_186' title='bbox 432 1812 594 1856; x_wconf 89' lang='lat' dir='ltr'>horum</span> <span class='ocrx_word' id='word_1_187' title='bbox 615 1812 827 1856; x_wconf 80' lang='lat' dir='ltr'>mixtione</span> <span class='ocrx_word' id='word_1_188' title='bbox 852 1828 1000 1856; x_wconf 79' lang='lat' dir='ltr'>versus</span> <span class='ocrx_word' id='word_1_189' title='bbox 1022 1813 1286 1873; x_wconf 90' lang='lat' dir='ltr'>compositos</span> <span class='ocrx_word' id='word_1_190' title='bbox 1317 1813 1580 1858; x_wconf 87' lang='lat' dir='ltr'>condidisse.</span> 
     </span>
     <span class='ocr_line' id='line_1_24' title="bbox 180 1884 1584 1946; baseline 0.001 -17"><span class='ocrx_word' id='word_1_191' title='bbox 180 1884 265 1930; x_wconf 89' lang='lat' dir='ltr'>Sed</span> <span class='ocrx_word' id='word_1_192' title='bbox 286 1900 342 1928; x_wconf 93' lang='lat' dir='ltr'>ne</span> <span class='ocrx_word' id='word_1_193' title='bbox 369 1893 413 1928; x_wconf 88' lang='lat' dir='ltr'>te</span> <span class='ocrx_word' id='word_1_194' title='bbox 435 1884 696 1928; x_wconf 87' lang='lat' dir='ltr'>auctoritate</span> <span class='ocrx_word' id='word_1_195' title='bbox 718 1899 916 1944; x_wconf 88' lang='lat' dir='ltr'>premere</span> <span class='ocrx_word' id='word_1_196' title='bbox 948 1884 1114 1940; x_wconf 84' lang='lat' dir='ltr'>videar,</span> <span class='ocrx_word' id='word_1_197' title='bbox 1140 1886 1288 1945; x_wconf 82' lang='lat' dir='ltr'>accipe</span> <span class='ocrx_word' id='word_1_198' title='bbox 1312 1885 1477 1946; x_wconf 88' lang='lat' dir='ltr'>aliquid</span> <span class='ocrx_word' id='word_1_199' title='bbox 1500 1886 1584 1931; x_wconf 90' lang='lat' dir='ltr'>ho-</span> 
     </span>
     <span class='ocr_line' id='line_1_25' title="bbox 177 1955 1584 2011; baseline 0.001 -10"><span class='ocrx_word' id='word_1_200' title='bbox 177 1973 277 2001; x_wconf 91' lang='lat' dir='ltr'>rum</span> <span class='ocrx_word' id='word_1_201' title='bbox 297 1971 528 2011; x_wconf 87' lang='lat' dir='ltr'>versuum,</span> <span class='ocrx_word' id='word_1_202' title='bbox 563 1965 608 2000; x_wconf 88' lang='lat' dir='ltr'>et</span> <span class='ocrx_word' id='word_1_203' title='bbox 627 1955 728 2001; x_wconf 90' lang='lat' dir='ltr'>vide</span> <span class='ocrx_word' id='word_1_204' title='bbox 754 1965 906 2001; x_wconf 89' lang='lat' dir='ltr'>utrum</span> <span class='ocrx_word' id='word_1_205' title='bbox 930 1956 1130 2002; x_wconf 84' lang='lat' dir='ltr'>offendat</span> <span class='ocrx_word' id='word_1_206' title='bbox 1153 1956 1371 2002; x_wconf 84' lang='lat' dir='ltr'>auditum.</span> <span class='ocrx_word' id='word_1_207' title='bbox 1401 1958 1443 2002; x_wconf 87' lang='lat' dir='ltr'>Si</span> <span class='ocrx_word' id='word_1_208' title='bbox 1467 1958 1584 2003; x_wconf 87' lang='lat' dir='ltr'>enim</span> 
     </span>
     <span class='ocr_line' id='line_1_26' title="bbox 179 2027 1586 2085; baseline 0.001 -12"><span class='ocrx_word' id='word_1_209' title='bbox 179 2046 269 2074; x_wconf 92' lang='lat' dir='ltr'>non</span> <span class='ocrx_word' id='word_1_210' title='bbox 282 2029 417 2074; x_wconf 91' lang='lat' dir='ltr'>modo</span> <span class='ocrx_word' id='word_1_211' title='bbox 430 2045 522 2074; x_wconf 91' lang='lat' dir='ltr'>non</span> <span class='ocrx_word' id='word_1_212' title='bbox 540 2027 791 2085; x_wconf 84' lang='lat' dir='ltr'>offenderit,</span> <span class='ocrx_word' id='word_1_213' title='bbox 813 2028 889 2073; x_wconf 88' lang='lat' dir='ltr'>sed</span> <span class='ocrx_word' id='word_1_214' title='bbox 901 2029 1031 2073; x_wconf 88' lang='lat' dir='ltr'>etiam</span> <span class='ocrx_word' id='word_1_215' title='bbox 1044 2028 1343 2085; x_wconf 80' lang='lat' dir='ltr'>delectaverit,</span> <span class='ocrx_word' id='word_1_216' title='bbox 1364 2029 1485 2074; x_wconf 84' lang='lat' dir='ltr'>nulla</span> <span class='ocrx_word' id='word_1_217' title='bbox 1504 2031 1586 2076; x_wconf 86' lang='lat' dir='ltr'>erit</span> 
     </span>
     <span class='ocr_line' id='line_1_27' title="bbox 179 2099 1582 2160; baseline 0.001 -16"><span class='ocrx_word' id='word_1_218' title='bbox 179 2100 288 2145; x_wconf 90' lang='lat' dir='ltr'>ratio</span> <span class='ocrx_word' id='word_1_219' title='bbox 310 2100 442 2160; x_wconf 82' lang='lat' dir='ltr'>hujus</span> <span class='ocrx_word' id='word_1_220' title='bbox 463 2099 683 2143; x_wconf 81' lang='lat' dir='ltr'>mixtionis</span> <span class='ocrx_word' id='word_1_221' title='bbox 711 2099 1032 2159; x_wconf 82' lang='lat' dir='ltr'>improbandae.</span> <span class='ocrx_word' id='word_1_222' title='bbox 1060 2103 1220 2146; x_wconf 87' lang='lat' dir='ltr'>Versus</span> <span class='ocrx_word' id='word_1_223' title='bbox 1249 2111 1396 2146; x_wconf 87' lang='lat' dir='ltr'>autem</span> <span class='ocrx_word' id='word_1_224' title='bbox 1420 2102 1448 2145; x_wconf 90' lang='lat' dir='ltr'>ii</span> <span class='ocrx_word' id='word_1_225' title='bbox 1482 2111 1582 2146; x_wconf 87' lang='lat' dir='ltr'>sunt</span> 
     </span>
     <span class='ocr_line' id='line_1_28' title="bbox 179 2169 636 2232; baseline -0.007 -15"><span class='ocrx_word' id='word_1_226' title='bbox 179 2187 289 2232; x_wconf 86' lang='lat' dir='ltr'>quos</span> <span class='ocrx_word' id='word_1_227' title='bbox 305 2170 504 2216; x_wconf 84' lang='lat' dir='ltr'>advertas</span> <span class='ocrx_word' id='word_1_228' title='bbox 519 2169 636 2215; x_wconf 90' lang='lat' dir='ltr'>volo.</span> 
     </span>
    </p>

    <p class='ocr_par' dir='ltr' id='par_1_4' title="bbox 269 2242 1427 2378">
     <span class='ocr_line' id='line_1_29' title="bbox 269 2242 1427 2304; baseline 0.003 -18"><span class='ocrx_word' id='word_1_229' title='bbox 269 2243 340 2287; x_wconf 75' lang='lat' dir='ltr'>At</span> <span class='ocrx_word' id='word_1_230' title='bbox 361 2256 577 2287; x_wconf 74' lang='lat' dir='ltr'>consona</span> <span class='ocrx_word' id='word_1_231' title='bbox 600 2257 706 2300; x_wconf 74' lang='lat' dir='ltr'>quse</span> <span class='ocrx_word' id='word_1_232' title='bbox 728 2250 854 2298; x_wconf 72' lang='lat' dir='ltr'>sant,</span> <span class='ocrx_word' id='word_1_233' title='bbox 879 2243 976 2286; x_wconf 74' lang='lat' dir='ltr'>nisi</span> <span class='ocrx_word' id='word_1_234' title='bbox 999 2242 1250 2288; x_wconf 74' lang='lat' dir='ltr'>vocalibus</span> <span class='ocrx_word' id='word_1_235' title='bbox 1272 2253 1427 2304; x_wconf 77' lang='lat' dir='ltr'>aptes.</span> 
     </span>
     <span class='ocr_line' id='line_1_30' title="bbox 269 2312 1417 2378; baseline 0 -17"><span class='ocrx_word' id='word_1_236' title='bbox 269 2315 402 2361; x_wconf 76' lang='lat' dir='ltr'>Pars</span> <span class='ocrx_word' id='word_1_237' title='bbox 426 2312 680 2359; x_wconf 73' lang='lat' dir='ltr'>dimidium</span> <span class='ocrx_word' id='word_1_238' title='bbox 700 2316 831 2359; x_wconf 75' lang='lat' dir='ltr'>vocis</span> <span class='ocrx_word' id='word_1_239' title='bbox 863 2330 982 2374; x_wconf 76' lang='lat' dir='ltr'>opus</span> <span class='ocrx_word' id='word_1_240' title='bbox 1001 2316 1223 2378; x_wconf 76' lang='lat' dir='ltr'>proferet</span> <span class='ocrx_word' id='word_1_241' title='bbox 1246 2333 1308 2360; x_wconf 64' lang='lat' dir='ltr'>ex·</span> <span class='ocrx_word' id='word_1_242' title='bbox 1331 2333 1381 2361; x_wconf 75' lang='lat' dir='ltr'>se</span> <span class='ocrx_word' id='word_1_243' title='bbox 1405 2335 1417 2361; x_wconf 88' lang='lat'><strong><em>:</em></strong></span> 
     </span>
    </p>

    <p class='ocr_par' dir='ltr' id='par_1_5' title="bbox 270 2385 1446 2517">
     <span class='ocr_line' id='line_1_31' title="bbox 270 2385 1446 2445; baseline 0.002 -15"><span class='ocrx_word' id='word_1_244' title='bbox 270 2385 402 2430; x_wconf 76' lang='lat' dir='ltr'>Pars</span> <span class='ocrx_word' id='word_1_245' title='bbox 430 2395 563 2429; x_wconf 73' lang='lat' dir='ltr'>muta</span> <span class='ocrx_word' id='word_1_246' title='bbox 582 2386 691 2430; x_wconf 67' lang='lat' dir='ltr'>som]</span> <span class='ocrx_word' id='word_1_247' title='bbox 718 2386 1003 2445; x_wconf 77' lang='lat' dir='ltr'>comprimet</span> <span class='ocrx_word' id='word_1_248' title='bbox 1020 2402 1110 2431; x_wconf 79' lang='lat' dir='ltr'>ora</span> <span class='ocrx_word' id='word_1_249' title='bbox 1134 2386 1412 2432; x_wconf 74' lang='lat' dir='ltr'>molientum</span> <span class='ocrx_word' id='word_1_250' title='bbox 1435 2406 1446 2432; x_wconf 92' lang='lat'>.·</span> 
     </span>
     <span class='ocr_line' id='line_1_32' title="bbox 270 2454 1208 2517; baseline 0.002 -17"><span class='ocrx_word' id='word_1_251' title='bbox 270 2454 380 2500; x_wconf 69' lang='lat' dir='ltr'>Illis</span> <span class='ocrx_word' id='word_1_252' title='bbox 395 2470 540 2499; x_wconf 71' lang='lat' dir='ltr'>sonus</span> <span class='ocrx_word' id='word_1_253' title='bbox 562 2454 812 2501; x_wconf 74' lang='lat' dir='ltr'>obscurior</span> <span class='ocrx_word' id='word_1_254' title='bbox 826 2455 1208 2517; x_wconf 70' lang='lat' dir='ltr'>impeditiorque,</span> 
     </span>
    </p>
   </div>
   <div class='ocr_carea' id='block_1_3' title="bbox 233 2526 1386 2636">
    <p class='ocr_par' dir='ltr' id='par_1_6' title="bbox 233 2526 1386 2636">
     <span class='ocr_line' id='line_1_33' title="bbox 280 2526 1386 2589; baseline 0.004 -17"><span class='ocrx_word' id='word_1_255' title='bbox 280 2526 547 2586; x_wconf 73' lang='lat' dir='ltr'>Utrumque</span> <span class='ocrx_word' id='word_1_256' title='bbox 566 2538 729 2574; x_wconf 76' lang='lat' dir='ltr'>tamen</span> <span class='ocrx_word' id='word_1_257' title='bbox 743 2529 985 2589; x_wconf 77' lang='lat' dir='ltr'>promitur</span> <span class='ocrx_word' id='word_1_258' title='bbox 996 2544 1079 2575; x_wconf 76' lang='lat' dir='ltr'>Ore</span> <span class='ocrx_word' id='word_1_259' title='bbox 1100 2529 1386 2576; x_wconf 60' lang='lat' dir='ltr'>semicluscfi.</span> 
     </span>
     <span class='ocr_line' id='line_1_34' title="bbox 233 2602 488 2636; baseline 0.004 -2"><span class='ocrx_word' id='word_1_260' title='bbox 233 2610 242 2625; x_wconf 89' lang='lat'>¹</span> <span class='ocrx_word' id='word_1_261' title='bbox 268 2602 488 2636; x_wconf 78' lang='lat' dir='ltr'>Terentianus.</span> 
     </span>
    </p>
   </div>
  </div>
 </body>
</html>
