1852 3163
291 153 345 191 82
729 161 764 188 5.
801 160 1033 189 AL’GL'STINI
1066 162 1248 189 Episcopi

287 227 461 288 Quippe
490 225 657 271 avidior
685 226 937 288 hujusmodi
964 227 1158 272 victoriae
1181 225 1365 272 stultitia
1387 236 1464 272 est.
1491 230 1608 287 Ergo
1631 242 1683 271 eo

285 308 456 345 retento
478 297 663 359 prodam
678 299 901 360 judicibus
920 300 1039 360 quod
1058 300 1277 359 ignorant.
1294 303 1353 344 Et
1374 298 1542 345 dicam:
1566 302 1680 359 Ego,

284 370 367 416 viri
388 370 542 430 optimi
556 405 567 426 ‚
599 370 684 415 hoe
706 385 807 415 cum
830 370 912 415 isto
926 386 1160 415 commune
1180 371 1341 427 habeo,
1367 370 1489 432 quod
1509 370 1686 415 dubitat

283 442 382 504 quis
413 451 607 488 vestrum
636 457 791 488 verum
812 452 1039 503 sequatur.
1067 443 1153 489 Sed
1175 442 1391 488 habemus
1413 443 1546 488 etiam
1578 457 1684 503 pro-

283 516 398 577 prias
421 514 672 571 sententias,
698 515 753 559 de
766 515 926 577 quibus
940 525 1043 576 peto
1052 515 1271 577 judicetis.
1287 518 1398 561 Nam
1419 515 1528 560 mihi
1543 516 1686 560 incer-

284 597 378 633 tum
403 597 468 632 est
489 586 686 648 quidem,
712 588 910 648 quamvis
933 587 1147 633 audierim
1163 587 1338 633 decreta
1355 597 1514 643 vestra,
1539 587 1686 633 ubisit

285 675 439 705 verum
465 678 475 704 :
501 657 578 703 sed
590 658 689 703 ideo
707 659 829 720 quod
846 659 924 721 qui
941 659 996 704 sit
1014 659 1060 703 in
1080 659 1205 704 vobis
1229 660 1397 721 sapiens
1413 660 1581 719 ignoro.
1600 663 1686 705 Iste

283 740 432 776 autem
449 729 581 775 etiam
593 730 739 790 ipsum
752 731 994 791 sapientem
1008 741 1142 791 negat
1155 731 1326 793 aliquid
1339 733 1464 789 scire,
1480 748 1536 777 ne
1548 732 1686 792 ipsam

282 803 465 865 quidem
485 802 604 847 unde
626 803 796 864 sapiens
819 803 978 848 dieitur
1000 804 1273 865 sapientiam.
1300 805 1409 858 Quis
1430 821 1522 850 non
1536 804 1688 850 videat

282 874 430 937 palma
451 874 525 919 illa
547 875 672 936 eujus
692 875 770 920 sit?
791 878 903 921 Nam
917 874 951 919 si
972 875 1058 920 hoc
1081 875 1351 921 adversarius
1369 891 1492 921 meus
1509 875 1685 933 dixerit,

283 947 457 993 vincam
475 945 627 1007 gloria.
657 947 701 992 Si
734 956 881 993 autem
910 947 1173 993 erubescens
1196 947 1420 994 confessus
1449 946 1584 994 suerit
1617 963 1688 993 sa-

244 1038 247 1039 ’
284 1019 480 1081 pientem
501 1018 610 1065 scire
622 1019 898 1081 sapientiam,
920 1019 1097 1066 vineam
1113 1019 1344 1066 sententia.

285 1175 1688 1196 mewmmwwmmwmwwmmwwmmwwmmm

813 1315 1033 1367 CAPUT
1079 1317 1169 1365 IX.

606 1463 824 1512 Zenonis
852 1463 1071 1527 definitio
1097 1463 1369 1513 discutitur.

343 1603 513 1647 XVIII.
550 1603 637 1649 SED
668 1603 726 1647 ab
751 1602 837 1648 hoc
852 1604 947 1664 jam
978 1602 1170 1664 litigioso
1201 1601 1414 1649 tribunali
1436 1603 1692 1649 secedamus

285 1675 332 1718 in
350 1673 545 1736 aliquem
565 1673 737 1731 locum⁷
764 1674 844 1719 ubi
865 1674 993 1720 nobis
1016 1674 1141 1720 nulla
1168 1675 1297 1721 turba
1323 1674 1508 1721 molesta
1528 1675 1601 1732 sit,
1620 1684 1689 1721 at·-

288 1761 376 1807 que
392 1746 563 1791 utinam
579 1746 626 1790 in
639 1747 779 1807 ipsam
800 1745 996 1791 scholam
1020 1745 1230 1803 Platonis,
1255 1763 1356 1808 quae
1376 1759 1541 1808 nomen
1563 1762 1615 1793 ex
1637 1763 1691 1793 eo

287 1817 448 1863 dicitur
464 1818 694 1879 accepisse,
721 1817 842 1879 quod
865 1834 889 1862 a
913 1817 1079 1878 populo
1097 1818 1153 1863 sit
1180 1828 1370 1875 secreta,
1398 1819 1470 1863 hic
1483 1820 1579 1879 jam
1598 1834 1690 1863 non

287 1888 343 1934 de
367 1889 521 1950 gloria⁷
548 1889 671 1951 quod
691 1888 787 1934 leve
809 1905 858 1933 ac
876 1888 1044 1949 puerile
1062 1898 1142 1944 est,
1163 1889 1239 1933 sed
1252 1889 1308 1933 de
1330 1879 1422 1949 ipsa
1442 1890 1548 1945 vita,
1574 1898 1618 1934 et
1633 1889 1689 1934 de

287 1960 434 2022 aliqua
450 1977 525 2022 spe
546 1961 679 2005 animi
703 1960 837 2015 beati,
858 1959 1075 2021 quantum
1093 1960 1207 2004 inter
1229 1976 1308 2004 nos
1332 1975 1580 2020 possumus,
1600 1960 1691 2005 dis-

286 2048 494 2078 seramus.
520 2035 694 2092 Negant
715 2031 1082 2076 Aeademieiseiri
1102 2030 1270 2092 aliquid
1283 2047 1422 2091 posse.
1453 2031 1576 2076 Unde
1603 2033 1688 2077 hoc

286 2105 412 2150 vobis
453 2103 620 2165 placuit
658 2103 961 2148 studiosissimi
993 2103 1216 2158 homines,
1253 2112 1385 2163 atque
1423 2101 1689 2148 doctissimi?

287 2177 428 2223 Movit
448 2192 544 2226 nos*
571 2176 794 2237 inquiunt,
814 2174 1013 2220 definitio
1034 2175 1236 2220 Zenonis.
1266 2177 1357 2220 Cur
1379 2177 1560 2236 quaeso?
1577 2178 1689 2221 Nam

286 2249 322 2293 si
341 2265 444 2294 vera
461 2256 541 2304 est,
569 2245 770 2292 nonnihil
791 2247 882 2291 veri
905 2247 1044 2302 novit,
1070 2247 1146 2308 qui
1166 2246 1237 2292 vel
1277 2238 1582 2307 ipsamnovit.
1612 2246 1687 2292 Sin

288 2319 412 2376 falsa,
434 2336 525 2365 non
541 2310 1086 2364 debuit'constantissimos
1108 2333 1399 2363 commovere.
1427 2317 1512 2363 Sed
1538 2317 1687 2364 videa·

286 2407 385 2437 mus
408 2391 516 2452 quid
538 2391 598 2435 ait
620 2393 753 2435 Zeno.
788 2389 890 2433 Tale
925 2388 1089 2434 scilicet
1118 2389 1259 2433 visum
1293 2389 1608 2449 comprehendi
1641 2398 1686 2433 et

288 2463 452 2524 percipi
470 2478 610 2522 posse,
637 2460 766 2522 quale
789 2476 891 2505 cum
913 2459 1023 2505 falso
1040 2475 1130 2504 non
1152 2460 1335 2504 haberet
1356 2460 1477 2520 signa
1491 2476 1686 2505 commu-

287 2536 372 2581 nia.
401 2534 593 2579 Hoeeine
614 2543 654 2578 te
672 2533 822 2588 movit,
850 2534 982 2577 honio
1005 2532 1251 2587 Platonice‚
1277 2541 1327 2578 ut
1350 2532 1553 2578 omnibus
1582 2533 1684 2577 viri-
