1883 3194
238 259 253 288 1
265 256 295 286 o
723 250 761 284 s.
797 249 1102 285 Aucusrlmffs
1112 255 1130 296 ,-

239 357 261 380 >›
289 347 453 387 cautus
475 355 485 385 ε
504 338 752 402 praecipua
771 337 823 385 in
851 337 947 385 hoc
967 345 1193 401 tempore
1223 339 1387 402 portio
1416 339 1623 387 Domini

240 434 262 456 »
293 416 629 464 Sacerdotum.
664 433 686 454 >³
723 414 743 477 (
767 413 874 464 Lib.
902 431 967 460 111.
995 414 1056 462 de
1096 413 1227 463 W'tct
1257 414 1548 482 contempl.)
1574 418 1621 464 S.

234 495 442 557 denique
492 494 773 541 Bernardus
802 492 1131 556 Augustinum
1168 493 1284 540 dicit
1311 511 1322 542 ε
1349 493 1415 541 V
1407 492 1625 541 alidissi-

233 589 376 618 mum
395 571 638 618 malleum
659 568 1213 632 lzoereticmum,(Se1-n1.
1229 585 1379 617 LXXX.
1393 572 1444 618 in
1464 570 1627 635 Cant.)

235 649 464 711 additque
484 649 535 695 in
555 649 709 713 Epist.
737 661 910 694 LXXVII
932 667 941 695 :
972 669 996 691 (ε
1027 647 1107 695 Ab
1125 647 1201 695 his
1227 649 1416 696 duobus
1448 650 1629 696 colum-

240 745 263 767 »
293 729 391 784 niS,
437 727 762 789 Augustinum
796 726 973 787 loquor
1002 733 1050 771 et
1078 725 1443 793 'Ambrosium9
1482 727 1627 776 crede

240 823 264 846 »
288 805 438 862 mihi,
471 804 670 853 difficile
691 804 900 851 avellor:
929 820 1045 852 cum
1061 802 1163 862 his,
1188 803 1410 867 inquam,
1442 822 1522 853 me
1550 815 1630 854 aut

233 899 258 928 »
289 899 451 931 errare
472 891 552 930 aut
569 899 738 946 sapere
763 882 934 929 fateor.
958 898 982 921 >³

300 974 406 1021 Nec
439 972 516 1020 alii
554 981 745 1020 tantum
781 981 967 1020 veteres
999 980 1320 1034 recentesque
1356 973 1627 1032 Doctores,

236 1051 322 1098 sed
340 1060 388 1098 et
413 1051 591 1098 summi
618 1049 883 1097 Pontifices
902 1085 914 1107 ,
950 1059 996 1097 et
1015 1051 1225 1114 ipsamet
1253 1050 1459 1098 concilia
1486 1052 1633 1099 etiam

236 1129 478 1194 generalia
504 1130 554 1176 in
582 1129 880 1175 laudandum
907 1128 1236 1192 Augustinum
1264 1138 1632 1177 consenserunt.

239 1207 318 1253 Sic
345 1206 479 1253 enim
503 1206 744 1252 Martinus
763 1207 809 1253 V
833 1224 843 1252 :
869 1227 891 1248 «
917 1205 1225 1268 Quicumque
1247 1207 1305 1253 de
1326 1205 1523 1253 Christo
1540 1243 1552 1264 ,
1574 1208 1634 1254 de

242 1302 266 1324 >³
291 1284 413 1342 fide,
454 1285 515 1331 de
559 1284 793 1349 religione
829 1283 1009 1345 aliquid
1044 1291 1304 1347 saperent,
1327 1284 1556 1330 omnibus
1585 1285 1639 1331 in

242 1379 266 1403 ³³
292 1379 378 1409 ore
399 1371 500 1408 erat
517 1361 833 1425 Augustinus,
851 1369 903 1406 ut
913 1359 1037 1405 nihil
1054 1375 1183 1423 pene
1204 1376 1261 1406 ex
1279 1360 1424 1406 sacris
1442 1361 1638 1408 Litteris

242 1457 267 1480 »
293 1440 448 1504 possit
472 1439 566 1486 nisi
616 1455 641 1485 e
661 1439 791 1487 duce
808 1438 1028 1501 intelligi,
1047 1436 1168 1484 nihil
1185 1436 1280 1484 nisi
1298 1453 1356 1483 eo
1375 1438 1639 1502 interprete

244 1535 269 1558 >›
296 1517 538 1581 explicari.
563 1517 639 1564 Eo
672 1517 769 1578 jam
793 1523 988 1563 auctore
1024 1515 1231 1571 factum,
1268 1522 1322 1560 ut
1347 1531 1438 1563 nec
1472 1516 1640 1579 philo-

245 1597 463 1660 »sophis
509 1594 801 1658 sapientiam
850 1592 1160 1640 invideamus
1182 1604 1201 1650 ,“
1239 1609 1341 1638 non
1389 1601 1640 1641 oratorum

245 1690 270 1714 n
298 1673 630 1736 eloquentiam
656 1672 989 1719 desideremus
1007 1706 1018 1727 ,
1040 1687 1143 1716 non
1160 1670 1495 1716 studiosorum
1514 1670 1642 1736 inge-

247 1768 271 1790 »
298 1752 378 1798 nia
396 1751 701 1813 requiramus
717 1785 729 1807 ,
758 1765 861 1795 non
890 1747 1097 1810 denique
1118 1747 1264 1794 nobis
1283 1763 1489 1795 acumen
1515 1748 1644 1795 Aris-

248 1847 273 1868 »
298 1829 459 1876 totelis
485 1827 837 1882 necessarium,
862 1842 966 1872 non
983 1825 1199 1872 Platonis
1221 1824 1514 1886 eloquentia,
1540 1842 1643 1872 non

207 1945 213 1951 ,
250 1924 274 1946 »
301 1906 559 1970 prudentia
582 1904 846 1960 Varronis,
884 1919 985 1950 non
1021 1902 1225 1967 gravitas
1263 1902 1506 1959 Socratis,
1540 1919 1644 1950 non

251 2002 275 2024 »
302 1983 557 2031 auctoritas
581 1983 890 2047 Pythagorae,
927 1999 1029 2028 non
1061 1981 1378 2045 Empedoclis
1414 1981 1645 2040 solertia,

253 2079 275 2102 »
305 2079 406 2108 non
427 2060 766 2123 cujuscumque
791 2059 920 2107 illius
945 2060 1133 2123 generis
1158 2059 1422 2105 hominum
1445 2059 1646 2107 scientia

252 2156 276 2180 >³
305 2157 359 2187 ac
401 2140 551 2186 virtus
594 2139 889 2186 documento
931 2137 1075 2184 nobis
1117 2152 1221 2183 esse
1269 2137 1458 2184 debeat.
1505 2137 1646 2184 Idem

254 2236 277 2256 »
303 2217 447 2265 nobis
479 2216 848 2280 Prophetarum
867 2215 1095 2272 oracula,
1121 2214 1257 2261 idem
1282 2213 1646 2278 Apostolorum

255 2313 277 2334 »
307 2312 451 2343 voces
471 2296 642 2352 refert,
661 2295 797 2342 idem
810 2311 1014 2341 omnem
1029 2294 1258 2341 omnium
1276 2293 1646 2357 Scripturarum

255 2389 278 2412 >³
308 2389 510 2420 sensum
525 2372 767 2436 exprimit.
779 2373 922 2419 Unus
934 2381 1188 2436 postremo
1205 2372 1432 2418 omnium
1442 2372 1646 2419 Patrum

256 2468 278 2489 >³
308 2451 682 2514 sapientumque
707 2450 901 2513 ingenia
927 2467 980 2497 ac
1003 2450 1160 2497 studia
1186 2449 1401 2496 exhibet.
1435 2449 1486 2495 Si
1511 2449 1644 2495 veri-

259 2546 280 2566 »
310 2536 458 2575 tatem
489 2527 732 2590 quaeritis,
778 2527 818 2574 si
844 2527 1142 2582 doctrinam,
1170 2526 1210 2574 si
1245 2526 1500 2590 pietatem,
1535 2525 1643 2587 quis
