1883 3194
534 233 699 266 CONTRA
733 227 995 265 Aelnmncos
1027 236 1152 266 mmm
1184 238 1250 265 111.
1537 224 1592 263 73

250 306 376 351 VIII.
395 306 453 351 Et
469 319 576 351 cum
597 303 793 361 redisset,
817 302 996 349 intentis
1014 303 1236 360 omnibus,
1256 303 1314 349 sic
1337 303 1475 364 coepi:
1501 305 1593 349 Ita-

191 393 248 422 ne
268 387 355 435 est,
383 376 541 438 Alypi,
569 385 622 422 ut
642 376 758 423 inter
778 392 857 422 nos
881 375 937 421 de
967 391 1015 420 re
1031 376 1147 438 jam,
1182 384 1234 421 ut
1253 375 1363 420 mihi
1383 374 1560 421 videtur
1579 412 1590 432 ,

190 440 539 495 manifestissima
552 464 644 495 non
665 448 933 495 conveniat?
954 450 1054 495 Non
1074 449 1238 494 mirum
1260 456 1346 503 est,
1373 447 1532 509 inquit,
1559 447 1594 492 si

189 521 315 584 quod
331 521 413 569 tibi
424 521 473 566 in
493 530 707 583 promptu
726 535 817 566 esse
840 519 1013 577 asseris,
1037 519 1148 565 mihi
1170 519 1409 565 obscurum
1430 519 1511 564 sit:
1534 520 1594 563 si-

181 592 372 656 quidem
390 592 602 656 pleraque
622 592 871 650 manifesta,
895 592 1064 654 possint
1085 592 1178 638 aliis
1199 590 1499 638 manifestiora
1514 627 1525 648 ,
1550 600 1596 637 et

188 667 294 712 item
322 666 509 711 obscura
526 664 734 728 quaedam
755 664 979 711 nonnullis
1000 665 1260 711 obscuriora
1289 679 1394 710 esse.
1423 666 1535 710 Nam
1559 664 1595 708 si

187 738 337 784 ethoc
364 737 447 783 tibi
473 753 576 784 vere
597 736 882 783 manifestum
901 746 992 794 est,
1015 736 1123 782 mihi
1147 736 1278 782 crede
1294 772 1305 793 ,
1338 751 1428 782 esse
1458 734 1594 780 alium

181 824 478 871 quemquam,
502 809 575 854 cui
600 818 645 854 et
664 809 749 854 hoc
771 806 1055 854 manifestum
1075 818 1205 854 tuum
1227 806 1499 853 manifestius
1523 807 1591 853 sit:

188 889 233 926 ct
252 880 359 926 item
381 880 517 926 alium
538 881 611 925 cui
636 895 787 925 meum
818 880 1059 926 obscurum
1077 879 1305 926 obscurius
1327 880 1396 924 sit.
1433 877 1517 924 Sed
1539 892 1595 922 ne

187 969 259 998 me
278 969 607 1015 perpugnacem
628 952 793 998 diutius
816 962 960 1014 putes,
986 952 1305 999 obsecraverim
1323 961 1375 996 ut
1393 951 1479 996 hoc
1500 965 1597 995 ma-

182 1025 396 1070 nifestum
425 1019 698 1071 manifestius
722 1024 946 1071 edisseras.
975 1024 1184 1081 Attendc,
1205 1024 1405 1086 inquam,
1425 1038 1592 1084 quaeso,

185 1092 442 1156 diligenter,
466 1105 510 1142 et
532 1096 658 1158 quasi
679 1097 869 1158 seposita
889 1096 1126 1159 paululum
1153 1094 1451 1158 respondendi
1472 1110 1592 1139 cura.

182 1168 232 1213 -Si
249 1168 368 1213 enim
389 1168 505 1213 bene
526 1184 597 1214 me
616 1178 750 1231 atque
772 1178 816 1213 tc
833 1169 954 1225 novi,
979 1167 1109 1214 facile
1132 1168 1234 1213 data
1256 1183 1390 1228 opera
1412 1165 1596 1212 clarebit

183 1240 308 1303 quod
322 1240 438 1298 dico,
461 1250 504 1287 et
527 1240 639 1287 alter
661 1241 787 1286 alteri
813 1242 901 1287 cito
923 1239 1221 1302 persuadebit.
1243 1239 1472 1285 Dixisti-ne
1493 1247 1596 1283 tan-

185 1312 304 1369 dem,
329 1328 386 1358 an
407 1311 589 1358 fortasse
613 1312 952 1370 obsurdueram,
969 1312 1110 1358 videri
1132 1313 1319 1374 sapienti
1340 1328 1385 1358 se
1406 1312 1513 1358 scire
1528 1327 1598 1356 sa·-

181 1384 432 1445 pientiam?
454 1384 641 1431 Annuit.
668 1384 959 1441 Omittamus,
983 1384 1183 1446 inquam,
1207 1383 1442 1446 paululum
1461 1384 1596 1429 istum

181 1455 443 1516 sapientem.
485 1458 552 1501 Tu
578 1456 673 1516 ipse
691 1455 866 1516 sapiens
910 1470 955 1501 es
976 1491 987 1512 ,
1020 1458 1198 1501 annon?
1227 1455 1375 1512 Nihil,
1415 1455 1561 1517 inquit
1581 1490 1593 1512 ,

181 1526 351 1574 minus:
376 1526 491 1572 Volo
515 1536 666 1572 tamen
682 1561 694 1584 ‚
729 1526 932 1588 inquam,
957 1527 1224 1588 respondeas
1245 1527 1355 1572 mihi
1378 1525 1486 1588 quid
1506 1527 1598 1587 ipse

181 1599 342 1645 sentias
365 1597 421 1644 de
443 1597 640 1659 sapiente
672 1594 939 1644 Academico
959 1634 971 1655 ,
1003 1607 1262 1643 utrumnam
1291 1598 1373 1643 tibi
1394 1597 1598 1643 videatur

182 1670 291 1715 scire
312 1670 609 1730 sapienti—am?
632 1672 790 1715 Utrum
820 1669 904 1715 sibi
921 1706 932 1726 ,
964 1669 1111 1731 inquit
1129 1706 1139 1726 ,
1165 1671 1274 1715 scire
1293 1664 1513 1725 videatur,
1541 1686 1597 1714 an

182 1740 305 1798 sciat,
332 1756 559 1786 unum-ne
581 1755 639 1786 an
667 1740 890 1787 diversum
917 1744 1082 1801 putas?
1108 1744 1262 1787 Metuo
1287 1741 1405 1786 enim
1423 1742 1597 1786 ne-haec

182 1811 385 1858 confusio
406 1813 619 1874 cuiquam
640 1822 844 1858 nostrum
867 1808 1111 1872 suffugium
1129 1807 1356 1874 praebeat(

242 1886 322 1929 lx.
356 1886 453 1930 Hoc
493 1882 587 1941 est,-
624 1881 810 1945 inqu'am
828 1920 839 1941 ,
878 1887 1071 1930 Tuscum
1095 1884 1208 1930 illud
1243 1885 1443 1947 jurgium
1473 1885 1598 1946 quod

184 1955 272 2001 dici
299 1955 428 2013 solet,
455 1971 558 2001 cum
579 1956 815 2018 quaestioni
836 1952 1070 2001 intentatae
1081 1973 1173 2002 non
1195 1958 1289 2018 ejus
1311 1956 1471 2003 solutio
1489 1993 1499 2013 ,
1520 1957 1597 2003 sed

183 2026 363 2073 alterius
376 2027 570 2088 objectio
585 2026 763 2073 videtur
784 2027 966 2073 mederi.
994 2028 1128 2082 Quod
1148 2028 1282 2073 etiam
1300 2032 1429 2090 pocta
1447 2038 1597 2074 noster

182 2100 260 2158 (ut
291 2114 363 2143 me
385 2098 666 2161 aliquantum
694 2099 882 2145 Licentii
910 2099 1300 2159 auribusdedam)
1321 2096 1528 2145 decenter
1550 2101 1596 2145 in

182 2170 393 2216 Bucolico
427 2172 625 2217 carmine
646 2172 733 2218 hoc
761 2173 1035 2218 rusticanum
1078 2170 1122 2219 et
1153 2173 1284 2234 plane
1313 2174 1596 2235 pastoricium

183 2256 273 2288 esse
297 2241 536 2303 judicavit,
580 2258 685 2288 cum
711 2243 823 2289 alter
845 2243 1035 2291 alterum
1056 2246 1299 2306 interrogat
1321 2273 1350 2302 ,·
1381 2246 1462 2291 ubi
1491 2245 1595 2291 coeli

184 2313 376 2374 spatium
392 2327 487 2361 non
505 2315 693 2377 amplius
715 2332 854 2378 quam
870 2326 959 2363 tres
974 2315 1102 2364 ulnas
1117 2327 1266 2380 pateat
1284 2338 1292 2365 :
1317 2316 1391 2363 ille
1417 2327 1562 2364 autem
1579 2337 1589 2364 :

390 2392 392 2394 ¹
409 2401 471 2435 Die
487 2389 603 2445 quibus
619 2402 654 2435 in
674 2403 770 2437 terris
787 2404 936 2449 inscripti
953 2406 1082 2439 nomina

412 2458 536 2501 Regum
553 2463 725 2493 nascantur
744 2460 843 2494 flores
860 2468 885 2493 1.

186 2522 320 2578 Quod
341 2538 491 2586 quaeso
508 2560 520 2582 ,
550 2525 709 2589 Alypi,
733 2543 790 2576 ne
816 2529 865 2576 in
891 2528 994 2577 villa
1032 2529 1161 2576 nobis
1180 2529 1312 2577 licere
1335 2528 1556 2576 arbitreris
1580 2547 1589 2575 :

237 2616 248 2633 ¹
261 2610 346 2655 virg.
367 2610 476 2656 Eglog.
497 2613 543 2648 ιἰι.
