1883 3194
273 251 325 287 22
704 261 737 289 s.
775 262 1003 290 Aict's’rim
1039 263 1219 291 Emscom

270 328 430 372 tionem
462 342 550 370 non
585 325 724 372 valcat
766 330 1006 388 peruenire.
1046 329 1129 373 Ubi
1172 329 1282 385 hoc,
1322 328 1467 390 inquit
1503 329 1656 376 Cicero

270 398 410 442 dixit?
432 400 488 443 Et
516 398 736 443 Licentius
759 418 767 443 ε
793 400 899 453 Quis
922 399 1094 458 ignorat
1131 414 1234 443 eum
1257 400 1492 447 affirmasse
1519 400 1656 445 vche-

267 479 437 514 menter
464 470 574 515 nihil
595 470 649 514 ab
669 470 848 514 homine
870 471 1035 531 percipi
1056 487 1196 531 posse,
1216 471 1413 533 nihilque
1434 486 1658 517 remanere

267 541 471 602 sapienti,
517 541 597 586 nisi
647 540 1022 600 diligentissimam
1065 542 1392 604 inquisitionem
1435 542 1656 597 veritati83

268 622 498 673 propterea
534 612 637 674 quia
672 613 707 657 si
739 613 913 659 incertis
941 613 1072 658 rebus
1101 623 1211 658 esset
1241 629 1457 670 assensus,
1492 613 1661 659 etiamsi

267 683 449 729 fortasse
470 700 583 730 verae
605 683 749 729 forent
763 720 773 740 ‚
798 683 973 730 liberari
1004 687 1059 731 ab
1076 700 1220 731 errore
1241 700 1332 731 non
1358 686 1530 745 posset?
1558 698 1660 745 quae

268 756 456 800 maxima
479 764 542 800 cst
563 755 692 816 culpa
721 756 938 816 sapientis.
975 755 1274 810 Quamobrem
1294 756 1328 800 si
1349 765 1394 800 et
1421 756 1662 815 sapientem

267 827 506 872 necessario
529 826 709 871 beatum
738 842 828 872 esse
855 826 1124 872 credendum
1147 836 1233 883 est,
1268 836 1312 871 et
1341 826 1537 871 veritatis
1570 824 1660 870 sola

269 898 491 959 inquisitio
509 897 755 958 perfectum
776 898 1000 958 sapientiae
1011 913 1174 943 munus
1191 906 1270 954 est,
1287 896 1395 958 quid
1410 896 1662 950 dubitamus

269 970 511 1015 existimare
534 970 708 1016 beatam
729 970 886 1027 vitam,
916 970 1047 1015 etiam
1068 985 1147 1031 per
1165 970 1312 1030 seipsa
1332 967 1663 1028 investigatione

268 1042 460 1087 veritatis
482 1058 606 1103 posse
628 1044 916 1103 contingere?

331 1115 455 1158 VIII.
485 1117 596 1159 Tum
617 1114 716 1160 ille:
754 1115 957 1160 Licet-ne
985 1114 1165 1160 tandem
1196 1114 1254 1160 ad
1285 1131 1351 1172 ea,
1371 1130 1472 1177 quae
1502 1123 1666 1160 temere

270 1200 473 1231 concessa
495 1195 619 1242 sunt,
645 1186 786 1230 redire
807 1187 1008 1230 rursum?
1031 1185 1112 1230 Hic
1135 1201 1242 1246 ego:
1270 1185 1340 1231 Illi
1361 1187 1446 1232 hoc
1476 1202 1566 1232 non
1593 1202 1666 1232 so-

270 1257 366 1302 lent
402 1256 664 1313 concedere,
715 1257 920 1318 inquam,
965 1272 1074 1318 quos
1118 1256 1175 1305 ad
1211 1257 1526 1318 disputandum
1577 1273 1668 1303 non

270 1329 523 1374 inveniendi
549 1329 641 1373 veri
675 1328 917 1388 cupiditas:
949 1327 1026 1372 sed
1059 1328 1222 1386 ingenii
1252 1328 1431 1389 puerilis
1457 1329 1665 1390 jactantia

271 1400 474 1462 impellit.
513 1403 668 1460 ltaque
701 1398 819 1459 apud
851 1414 948 1455 me,
981 1400 1225 1459 praesertim
1257 1415 1359 1445 cum
1398 1400 1544 1445 adhuc
1578 1415 1666 1445 nu-

274 1472 436 1518 triendi
479 1469 787 1532 educandique
825 1469 940 1526 sitis,
976 1485 1068 1515 non
1100 1469 1244 1516 solum
1279 1471 1557 1529 conceditur,
1591 1476 1669 1519 sed

274 1546 408 1591 etiam
430 1545 477 1589 in
504 1543 735 1605 praeceptis
757 1542 954 1588 habeatis
975 1542 1099 1600 volo,
1125 1542 1182 1588 ad
1212 1559 1262 1589 ea
1291 1560 1369 1591 vos
1397 1543 1671 1591 discutienda

271 1615 416 1662 redire
449 1625 672 1677 oportere,
698 1630 799 1676 quae
828 1615 1125 1660 concesseritis
1159 1616 1392 1662 incautius.
1420 1619 1480 1663 Et
1510 1617 1669 1664 Licen-

271 1690 382 1734 tius:
406 1690 506 1734 Non
528 1702 714 1748 parvum
725 1687 772 1731 in
791 1686 1071 1747 philosophia
1086 1686 1336 1748 profectum
1354 1697 1482 1749 puto,
1501 1688 1667 1750 inquit,

272 1776 378 1806 cum
410 1760 457 1804 in
478 1759 802 1820 comparatione
833 1758 943 1803 recti
974 1760 1154 1821 verique
1185 1759 1436 1805 inveniendi
1468 1769 1673 1806 contem-

273 1831 398 1877 nitur
438 1847 462 1875 a
496 1829 747 1891 disputante
781 1829 979 1874 victoria.
1029 1833 1184 1891 Itaque
1217 1829 1408 1876 libenter
1451 1831 1672 1892 obsequor

274 1901 504 1964 praeceptis
529 1910 572 1946 et
593 1900 821 1946 sententiae
844 1909 932 1945 tuae
946 1935 958 1956 ,
983 1909 1027 1945 et
1049 1900 1304 1960 Trygetium
1325 1900 1383 1946 ad
1415 1901 1461 1946 id
1481 1900 1606 1962 quod
1625 1917 1671 1947 se

276 1984 442 2020 temere
479 1973 737 2018 concessisse
770 1971 1029 2029 arbitratur,
1065 1987 1132 2017 res
1165 1972 1285 2017 enim
1326 1973 1413 2017 mei
1444 1973 1554 2034 juris
1581 1982 1668 2030 est,

277 2045 419 2092 redire
440 2045 662 2106 permitto.
681 2047 793 2089 Tum
809 2042 994 2104 Alypius
1012 2062 1022 2089 ι
1049 2043 1245 2105 Suscepti
1267 2059 1374 2089 ame
1400 2044 1534 2089 officii
1554 2060 1671 2090 non-

278 2117 387 2163 dum
412 2126 558 2178 partes
592 2131 707 2172 esse,
739 2115 991 2175 vosmetipsi
1023 2130 1199 2160 mecum
1226 2115 1547 2175 recognoscitis.
1586 2115 1673 2167 Sed

279 2189 491 2252 quoniam
513 2187 559 2232 id
575 2185 838 2248 jamdudum
871 2185 1077 2246 disposita
1103 2184 1318 2247 profectio
1355 2186 1674 2247 interrumpere

280 2277 351 2306 me
373 2258 621 2320 compellit,
644 2274 724 2318 pro
755 2273 852 2302 meo
881 2273 1060 2318 quoque
1090 2272 1272 2302 munere
1294 2256 1560 2317 geminatam
1590 2257 1673 2302 sibi

279 2341 539 2394 potestatem
579 2330 794 2390 particeps
829 2343 1004 2373 mecum
1030 2327 1185 2389 judicii
1219 2337 1500 2386 nonmrenuet
1535 2343 1675 2389 usque

280 2405 329 2449 in
367 2402 558 2448 reditum
584 2416 760 2445 meum:
798 2399 926 2444 video
960 2399 1078 2444 enim
1109 2401 1193 2445 hoc
1221 2410 1415 2445 vestrum
1451 2409 1674 2452 certamen

281 2476 456 2536 longius
486 2487 831 2541 progressurum.
868 2474 925 2516 Et
957 2487 1059 2516 cum
1100 2471 1314 2517 discessit:
1356 2471 1495 2528 Quid,
1531 2472 1676 2533 inquit

282 2547 530 2602 Licentius,
554 2556 716 2591 temere
738 2559 1007 2590 concesseras
1040 2543 1202 2604 profer.
1245 2546 1304 2588 Et
1332 2543 1434 2590 ille:
1467 2547 1671 2599 Temere,

283 2618 401 2675 dedi,
415 2617 573 2678 inquit,
596 2618 850 2663 Ciceronem
873 2615 1004 2660 fuisse
1025 2615 1280 2675 sapientem.
1305 2617 1505 2674 Ergo-ne
1521 2615 1675 2663 Cicero
