1888 3168
531 209 659 236 LIBER
690 208 745 235 DE
776 202 1054 245 QUANTITATE
1086 202 1251 234 ANIMAE.
1508 196 1597 237 283

195 293 297 324 011111
323 276 516 331 minora,
542 283 594 319 ut
620 274 790 319 dictum
813 282 893 330 est,
924 273 1122 333 pondera
1144 273 1383 334 majoribus
1414 273 1597 332 cedant,

195 349 391 395 multum
428 357 579 392 tamen
611 345 747 391 refert
775 353 941 407 quanto
971 345 1019 389 in
1049 360 1140 390 sese
1180 355 1367 405 agantur
1399 347 1596 407 impetu:

195 437 301 467 nam
323 420 356 465 si
372 419 537 479 majore
551 417 721 479 impetu
741 418 900 474 minor,
924 416 1047 467 velut
1060 417 1313 463 vehementi
1335 418 1485 480 aliquo
1507 428 1602 464 tor-

197 503 350 540 mento
378 490 557 535 emissus
582 490 809 550 infligatur
840 490 995 552 majori
1014 489 1087 535 vel
1116 489 1254 535 laxius
1281 490 1500 552 jaculato,
1532 491 1604 537 vel

190 568 284 628 jam
316 563 643 623 languescenti,
681 563 882 624 quamvis
911 561 966 608 ab
998 561 1155 608 eodem
1188 561 1374 620 resiliat,
1409 562 1606 608 retardat

193 637 321 682 illum
343 645 515 693 tamen,
536 644 614 681 aut
630 635 762 681 etiam
783 645 901 682 retro
918 634 1005 695 agit
1018 651 1100 697 pro
1120 635 1255 681 modo
1272 633 1446 681 ictuum
1468 643 1603 696 atque

192 708 458 771 ponderum.

252 784 509 827 XXXVIII.
548 782 626 827 His
661 781 880 844 praejactis
917 790 1051 844 atque
1086 780 1345 838 intellectis,
1382 789 1602 842 quantum

193 869 384 916 praesens
415 853 644 912 negotium
665 853 882 914 postulat,
907 853 1008 899 vide
1031 870 1153 900 nunc
1176 870 1245 899 eas
1268 870 1370 916 quae
1392 852 1604 899 dicuntur

193 927 240 970 in
262 924 528 970 animalibus
549 925 684 983 171105,
710 935 862 971 utrum
890 926 1051 971 rationi
1069 926 1174 971 huic
1198 935 1446 986 congruant
1466 945 1476 971 ε
1501 941 1606 971 nam

193 1013 376 1058 corpora
391 997 591 1042 omnium
614 997 871 1042 animalium
895 999 993 1061 quis
1015 1008 1148 1059 negat
1166 1015 1246 1044 suo
1267 998 1467 1059 pondere
1487 1013 1604 1058 prae-

192 1069 317 1114 dita?
338 1069 470 1124 Quod
486 1070 662 1131 pondus
686 1080 802 1115 nutu
823 1069 982 1115 animae
1004 1080 1175 1127 actum,
1192 1086 1283 1132 quo
1298 1068 1602 1126 inclinaverit,

191 1141 385 1187 multum
421 1141 538 1187 valet
578 1143 887 1204 magnitudine
918 1144 1110 1205 propria.
1154 1143 1240 1189 Sed
1273 1152 1408 1187 nutus
1447 1142 1606 1187 animae

191 1213 248 1259 ad
281 1213 554 1260 movendum
590 1216 784 1276 corporis
815 1215 1014 1277 pondus,
1047 1214 1192 1261 nervis
1221 1215 1346 1276 quasi
1375 1214 1606 1259 tormentis

191 1286 332 1330 utitur
351 1306 358 1332 :
378 1302 535 1332 nervos
557 1297 705 1332 autem
727 1297 902 1346 vegetat
918 1286 1264 1347 mobilioresque
1282 1285 1418 1331 efficit
1439 1286 1606 1330 siccitas

190 1357 398 1418 calorque
419 1360 673 1403 moderatus
694 1381 705 1414 3
735 1367 889 1401 contra
911 1372 983 1402 eos
1007 1357 1123 1402 laxat
1145 1367 1278 1419 atque
1300 1358 1495 1402 infirmat
1515 1358 1606 1402 hu-

189 1428 335 1473 midus
358 1428 491 1487 rigor.
516 1430 535 1471 I
542 1437 671 1488 taque
693 1442 864 1484 50111110,
887 1427 991 1489 quia
1021 1444 1125 1473 eum
1151 1428 1365 1489 frigidum
1391 1438 1435 1474 et
1453 1429 1605 1473 11111111-

189 1499 299 1545 (111111
336 1499 492 1544 dicunt
530 1498 690 1544 medici
730 1508 774 1544 et
808 1500 1023 1561 probant,
1057 1501 1259 1546 membra
1293 1500 1602 1562 languescunt,

190 1582 323 1634 atque
353 1572 445 1632 ipse
474 1571 882 1632 expergefactorum
906 1581 1090 1618 conatus
1123 1573 1268 1618 multo
1293 1583 1358 1619 est
1388 1573 1602 1629 debilior,

190 1644 380 1706 ideoque
402 1643 514 1687 nihil
536 1652 600 1688 est
613 1641 793 1689 fractius
816 1653 861 1688 et
882 1660 980 1689 enei
989 1645 1084 1689 vius
1105 1645 1371 1706 lethargicis.
1396 1648 1455 1691 At
1474 1661 1608 1706 quos-

190 1716 293 1760 dam
321 1714 617 1776 phreneticos,
643 1715 807 1775 quibus
834 1714 997 1775 vigiliae
1026 1725 1070 1760 et
1089 1716 1181 1761 vini
1210 1717 1275 1761 1715
1306 1726 1351 1761 et
1373 1725 1515 1761 acutae
1538 1715 1606 1760 fe-

190 1787 306 1843 bres,
328 1787 375 1831 id
397 1795 477 1842 est,
496 1795 562 1831 tot
589 1785 730 1830 calida
754 1786 854 1847 plus
887 1787 1025 1833 nimio
1054 1803 1211 1833 nervos
1246 1787 1440 1833 tendunt
1472 1798 1606 1850 atque

191 1859 372 1915 durant,
393 1857 635 1920 majoribus
656 1858 822 1903 viribus
845 1875 980 1920 quam
1002 1859 1173 1919 integra
1193 1858 1448 1905 valetudine
1466 1859 1607 1905 101110-

189 1932 272 1976 tari
298 1940 342 1974 et
362 1929 505 1974 multa
539 1928 682 1973 facere
711 1928 997 1974 manifestum
1027 1940 1107 1985 est,
1133 1946 1235 1976 cum
1271 1947 1425 1976 eorum
1448 1947 1605 1992 corpus

190 2003 248 2047 sit
291 1999 558 2061 {egritudine
596 2000 866 2045 attenuatius
888 2009 931 2044 et
964 2000 1132 2045 exilius.
1171 2001 1215 2046 Si
1247 2002 1383 2062 igitur
1411 2012 1454 2047 et
1491 2013 1606 2049 nutu

192 2074 373 2129 animae,
395 2082 438 2118 et
460 2088 700 2118 nervorum
718 2071 914 2133 quodam
937 2072 1320 2130 machinamento,
1348 2084 1391 2119 et
1407 2074 1605 2135 pondere

192 2145 363 2206 coporis
381 2145 583 2190 confiunt
601 2144 672 2188 11εο
699 2159 800 2206 quee
822 2144 934 2189 vires
962 2153 1195 2201 vocantur,
1220 2145 1424 2191 voluntas
1442 2156 1604 2192 nutum

193 2218 385 2274 exhibet,
403 2217 480 2279 qui
501 2217 683 2278 pronior
700 2218 750 2262 fit
771 2233 846 2278 spe
863 2217 933 2263 vel
953 2217 1151 2277 audacia,
1177 2220 1432 2265 retunditur
1455 2230 1603 2265 autem

192 2291 366 2346 timore,
388 2289 464 2334 sed
482 2289 625 2335 multo
657 2290 793 2350 magis
816 2289 1142 2351 desperatione3
1167 2308 1270 2336 nam
1293 2293 1339 2336 111
1356 2302 1480 2338 metu
1501 2309 1602 2338 011111

195 2362 342 2423 aliqua
360 2378 455 2422 spes
474 2361 638 2418 subest,
654 2362 1002 2408 vehementiores
1022 2363 1134 2409 vires
1163 2381 1372 2426 apparere
1395 2365 1599 2411 assolent:

193 2434 601 2479 machinamentum
628 2434 919 2494 configuratio
943 2435 1146 2496 quaedam
1178 2437 1372 2498 corporis
1397 2447 1598 2498 coaptat,

194 2506 455 2566 temperatio
477 2505 702 2551 modificat
721 2505 1001 2563 valetudinis,
1024 2509 1258 2554 confirmat
1280 2510 1600 2555 exercitationis

196 2577 407 2624 industria
427 2597 435 2622 :
460 2577 635 2638 pondus
658 2577 733 2624 dat
761 2578 898 2624 moles
920 2579 1237 2636 membrorum,
1263 2598 1397 2641 quam
1420 2590 1524 2626 aetas
1555 2589 1597 2624 et
