1883 3194
560 226 727 255 CONTRA
761 224 1024 254 AeAnEMlcos
1058 225 1182 252 LIBER
1216 225 1282 252 111.
1568 214 1618 254 71

215 303 380 339 mante.
418 296 530 341 Nam
561 292 695 355 paulo
731 301 833 337 ante
870 290 1040 347 dixisti,
1065 306 1169 335 cum
1196 305 1443 352 quaererem
1473 300 1627 337 utrum

214 366 345 412 sciret
363 366 534 427 sapiens
554 363 814 426 sapientiam
829 400 840 421 ‚
861 363 970 409 scire
992 362 1076 408 sibi
1095 361 1251 408 videri.
1273 363 1357 408 Cui
1377 379 1484 425 ergo
1507 365 1629 410 vide-

213 447 288 483 tur
308 437 552 499 sapientem
572 436 682 482 scire
702 435 962 497 sapientiam
977 470 988 491 ,
1014 450 1106 480 non
1128 434 1285 496 utique
1305 433 1484 480 videtur
1514 436 1629 484 nihil

215 509 325 555 scire
341 508 602 570 sapientem.
631 509 726 553 Hoc
750 507 868 552 enim
885 504 1096 552 contendi
1113 521 1205 551 non
1221 515 1394 567 potest,
1408 506 1491 552 nisi
1513 507 1631 569 quis-

223 597 359 643 quam
381 580 527 626 dicere
568 579 730 626 audeat
757 578 868 625 nihil
890 595 979 625 esse
1001 578 1274 639 sapientiam.
1302 581 1369 624 Ex
1389 595 1480 641 quo
1509 582 1560 626 fit
1581 590 1633 627 ut

217 655 309 716 jam
324 655 408 699 hoc
423 653 504 698 tibi
515 689 526 709 ‚
547 651 670 714 quod
685 652 819 697 etiam
831 651 941 697 mihi
964 650 1168 697 videatur
1183 671 1194 709 3
1210 666 1315 696 nam
1328 651 1436 696 mihi
1453 652 1631 699 videtur

220 726 463 787 sapientem
477 724 682 770 nonnihil
695 724 824 780 scire,
842 732 887 768 et
899 723 1002 780 tibi,
1024 723 1183 784 opinor
1196 758 1207 779 ‚
1226 723 1297 768 cui
1309 722 1474 784 placet,
1490 725 1632 772 videri

217 797 404 859 sapienti
425 797 671 858 sapientem
687 796 797 841 scire
824 795 1103 857 sapientiam.
1120 797 1236 840 Tum
1256 794 1333 840 ille
1350 814 1359 841 :
1377 798 1478 842 Non
1493 798 1632 859 magis

218 885 290 915 me
302 870 531 930 ingenium
545 884 747 914 exercere
759 867 873 914 velle
890 883 1027 930 quam
1048 877 1093 912 te
1116 868 1307 913 arbitror
1320 903 1331 925 ‚
1357 878 1402 914 et
1417 868 1462 914 id
1476 870 1628 929 miror,

218 958 311 988 non
341 943 460 988 enim
490 942 574 988 tibi
603 941 695 987 ulla
723 942 770 986 in
798 942 914 986 hanc
946 956 1040 986 rem
1068 941 1384 987 exercitatione
1414 958 1526 1004 opus
1548 952 1628 990 est.

217 1017 328 1062 Nam
350 1014 460 1060 mihi
482 1014 629 1060 adhuc
651 1012 835 1059 fortasse
861 1028 980 1059 caeco
1000 1013 1179 1058 videtur
1198 1013 1407 1060 interesse
1428 1015 1544 1061 inter
1564 1017 1634 1065 vi-

216 1086 311 1132 deri
329 1086 412 1132 sibi
433 1086 543 1132 scire
554 1122 565 1143 ,
592 1095 636 1132 et
653 1086 763 1132 scire
779 1094 825 1131 et
844 1085 961 1131 inter
982 1085 1242 1147 sapientiam
1259 1103 1361 1148 quae
1381 1087 1429 1133 in
1450 1088 1634 1136 investi-

216 1159 392 1218 gatione
412 1159 556 1220 posita
576 1168 665 1216 est,
695 1167 740 1204 et
761 1158 1018 1204 veritatem:
1043 1175 1145 1220 quae
1165 1174 1191 1203 a
1211 1159 1341 1205 nobis
1370 1176 1474 1205 cum
1497 1161 1634 1208 alter-

214 1239 316 1276 utra
336 1230 542 1276 dicantur
554 1231 668 1288 ‚sibi
680 1229 1060 1292 quemadmodum
1079 1229 1302 1292 quadrent
1324 1247 1418 1278 non
1433 1232 1629 1281 invenio.

216 1306 331 1349 Tum
341 1319 441 1363 ego,
455 1318 559 1348 cum
575 1303 667 1364 jam
682 1302 740 1348 ad
755 1302 993 1363 prandium
1003 1318 1281 1349 vocaremur:
1293 1306 1410 1363 Non,
1426 1306 1629 1368 inquam,

215 1374 329 1420 mihi
360 1375 485 1436 quod
515 1383 692 1420 tantum
724 1374 925 1420 reniteris
955 1374 1191 1437 displicet3
1235 1385 1315 1423 aut
1347 1377 1468 1423 enim
1496 1379 1632 1427 ambo

212 1447 434 1494 nescimus
448 1446 559 1510 quid
573 1445 812 1510 loquamur
821 1482 833 1504 ‚
850 1440 896 1493 et
909 1446 1058 1495 danda
1072 1456 1138 1495 est
1157 1465 1292 1512 opera
1308 1465 1366 1496 ne
1375 1460 1468 1496 tam
1480 1460 1633 1514 turpes

213 1519 378 1581 simus3
403 1529 481 1567 aut
511 1536 628 1567 unus
662 1530 890 1580 nostrum,
915 1520 1042 1584 quod
1062 1522 1172 1568 item
1205 1523 1458 1587 relinquere
1494 1534 1632 1588 atque

213 1593 439 1655 negligere
470 1610 563 1641 non
595 1595 741 1641 minus
772 1604 904 1657 turpe
931 1605 1019 1653 est,
1050 1595 1128 1644 sed
1160 1597 1474 1659 pomeridianis
1509 1598 1630 1645 horis

213 1664 434 1712 rediemus
466 1666 523 1713 ad
547 1667 752 1712 invicem.
785 1667 898 1714 Mihi
919 1668 1039 1713 enim
1060 1684 1165 1714 cum
1193 1669 1419 1716 videretur
1434 1672 1528 1733 jam
1548 1686 1630 1717 nos

215 1736 273 1782 ad
293 1737 462 1783 calcem
483 1738 754 1800 pervenisse⁷
779 1754 954 1801 pugnos
986 1741 1118 1786 etiam
1144 1741 1373 1789 miscuisti.
1408 1742 1493 1791 Hic
1526 1758 1630 1789 cum

214 1808 484 1867 arrisissent,
504 1809 797 1857 discessimus.
