1852 3163
269 201 352 239 los
696 211 730 237 s.
766 208 995 239 Avensa-nvi
1027 208 1208 238 Emscom

266 288 426 321 errasse
443 273 637 335 quidem.
663 275 760 320 Non
782 277 898 321 enim
918 274 1169 322 faciendum
1184 290 1273 321 esse
1295 274 1559 321 adulterium
1572 290 1652 336 pro

266 362 369 392 vero
387 344 467 390 sibi
480 345 706 405 persuasit,
724 346 951 406 probabile
973 346 1178 402 occurrit,
1207 340 1380 391 secutus
1403 355 1489 402 est,
1513 346 1620 390 fecit
1640 363 1649 390 ε

266 426 343 462 aut
370 415 548 462 fortasse
576 432 665 461 non
694 415 820 471 fecit,
846 416 921 461 sed
943 415 1094 461 fecisse
1119 416 1201 460 sibi
1223 417 1339 462 visus
1361 425 1439 461 est.
1467 419 1554 461 Istc
1575 431 1654 460 au-

267 497 355 533 tem
380 487 581 541 maritus,
608 487 741 532 homo
773 486 943 543 fatuus,
968 487 1200 547 perturbat
1221 487 1366 532 omnia
1387 486 1536 531 litibus
1573 501 1654 546 pro

266 558 410 604 uxoris
430 557 626 602 castitate
650 556 920 617 proclamans
934 593 945 614 ,
970 573 1071 602 cum
1095 573 1182 619 qua
1204 556 1315 602 forte
1337 573 1455 603 nunc
1473 556 1650 613 dormit,

264 639 308 674 ct
342 628 491 673 nescit.
526 629 619 672 Hoc
642 626 705 671 illi
727 627 897 688 judices
923 628 956 672 si
979 627 1298 683 intellexerint,
1324 637 1400 673 aut
1430 626 1655 688 negligent

263 699 544 747 Academicos
559 735 569 755 ‚
586 708 629 743 et
652 708 862 760 tanquam
880 700 1043 745 crimen
1063 700 1334 745 verissimum
1350 700 1559 760 punient,
1579 708 1656 743 aut

263 771 426 818 eisdem
451 771 824 831 obtemperantes,
851 770 1140 816 verisimiliter
1163 771 1386 816 hominem
1414 769 1654 831 probabili-

264 854 417 905 terque
442 842 738 899 damnabunt,
768 852 818 888 ut
830 843 920 903 jam
947 842 1054 904 quid
1078 853 1176 902 agat
1204 843 1283 887 istc
1304 851 1513 903 patronus
1530 857 1656 902 pror-

262 915 531 973 susignoret.
548 913 631 959 Cui
648 913 765 958 enim
785 923 1035 958 succenseat
1057 930 1146 959 non
1163 913 1366 969 habebit,
1389 928 1489 959 cum
1508 928 1656 958 omnes

263 1002 307 1031 se
328 985 439 1030 nihil
460 1001 621 1029 errasse
643 985 790 1030 dicant
808 1021 819 1041 ,
845 985 1023 1046 quando
1045 1001 1137 1030 non
1160 985 1438 1030 assentientes
1466 983 1513 1029 id
1535 983 1656 1045 quod

260 1057 402 1103 visum
410 1065 474 1101 est
483 1055 708 1116 probabile
718 1055 916 1101 fecerint.
933 1060 1072 1101 Ponet
1083 1056 1455 1116 igiturpersonam
1463 1055 1653 1116 patroni,

261 1137 306 1173 et
320 1127 572 1188 philosophi
591 1125 877 1171 consolatoris
900 1127 1107 1186 suscipiet
1123 1127 1205 1171 :ita
1223 1126 1350 1171 facile
1372 1125 1653 1182 adolescenti,

262 1199 340 1260 qui
357 1200 448 1260 jam
475 1206 649 1242 tantum
676 1197 723 1241 in
747 1196 981 1241 Academia
1005 1196 1263 1256 profecerit,
1300 1196 1579 1257 persuadebit
1607 1205 1658 1241 ut

261 1286 307 1315 sc
329 1279 541 1331 tanquam
564 1269 609 1312 in
632 1268 794 1313 somnis
817 1276 948 1328 putet
969 1283 1058 1312 esse
1082 1266 1352 1312 damnatum.
1382 1268 1467 1313 Sed
1487 1283 1563 1313 vos
1587 1282 1658 1312 me

256 1341 394 1404 jocari
426 1340 724 1385 arbitramini:
761 1339 902 1400 liquet
924 1338 1116 1400 dejerare
1141 1355 1218 1399 per
1245 1354 1374 1384 omne
1400 1338 1654 1395 divinum¹,

264 1412 430 1457 nescire
452 1426 522 1455 me
540 1425 715 1471 prorsus
729 1409 954 1471 quomodo
967 1409 1048 1455 iste
1062 1410 1307 1470 peccaverit
1323 1445 1334 1466 ‚
1355 1410 1390 1454 si
1406 1410 1658 1471 quisquisid

268 1483 405 1543 egerit
433 1482 555 1543 quod
582 1480 810 1542 probabile
839 1480 1037 1536 videtur,
1065 1496 1156 1526 non
1181 1490 1347 1541 peccat.
1372 1481 1461 1527 Nisi
1483 1479 1597 1526 forte
1615 1480 1662 1525 in

267 1563 410 1599 totum
434 1552 554 1598 aliud
575 1568 665 1597 esse
689 1552 843 1597 dicunt
864 1567 1028 1608 errare,
1055 1551 1172 1596 aliud
1197 1567 1377 1613 peccare
1393 1587 1404 1609 ,
1427 1568 1559 1614 seque
1576 1550 1662 1597 illis

265 1625 494 1687 praeceptis
511 1625 644 1683 egisse
661 1639 716 1669 ne
734 1639 951 1680 erremus,
971 1639 1151 1684 peccare
1161 1633 1308 1669 autem
1326 1622 1437 1669 nihil
1452 1638 1662 1684 magnum

264 1712 355 1741 esse
373 1695 558 1740 duxisse.

323 1769 531 1811 XXXVI.
560 1768 698 1810 Taceo
721 1764 776 1810 de
805 1764 1070 1820 homicidiis,
1104 1764 1368 1825 parricidiis,
1405 1764 1659 1824 sacrilegiis,

266 1839 559 1899 omnibusque
582 1838 761 1882 omnino
776 1872 787 1892 ,
809 1853 907 1898 quae
926 1837 1018 1880 fieri
1044 1846 1120 1881 aut
1136 1837 1315 1895 cogitari
1337 1846 1519 1897 possunt
1540 1838 1663 1896 flagi-

265 1911 335 1956 tiis
353 1946 363 1966 ,
390 1919 466 1955 aut
485 1909 752 1955 facinoribus
769 1944 779 1965 ,
805 1924 906 1969 quae
930 1908 1079 1968 paucis
1098 1909 1242 1953 verbis
1255 1944 1265 1964 ,
1283 1918 1326 1953 et
1347 1909 1469 1970 quod
1482 1918 1546 1954 est
1564 1925 1663 1969 gra-

272 1982 367 2026 vius
378 2017 388 2037 ,
415 1981 533 2041 apud
548 1979 884 2040 sapientissimos
892 1978 1061 2039 judiees
1075 1978 1375 2023 defenduntur
1392 1998 1401 2024 ε
1421 1979 1542 2024 Nihil
1559 1996 1666 2025 con-

268 2054 407 2108 sensi,
438 2061 482 2096 et
514 2051 611 2096 idco
635 2066 725 2095 non
754 2049 907 2095 erravi.
935 2048 1167 2103 Quomodo
1191 2059 1337 2094 autem
1361 2065 1450 2094 non
1473 2049 1661 2095 facerem

271 2123 394 2185 quod
426 2121 656 2184 probabile
678 2121 818 2165 visum
853 2123 946 2165 est?
978 2121 1062 2174 Qui
1101 2131 1247 2165 autem
1281 2137 1370 2165 non
1398 2130 1555 2181 putant
1583 2122 1663 2168 ista

268 2193 556 2256 probabiliter
578 2207 702 2253 posse
714 2190 986 2252 persuaderi,
1002 2191 1150 2249 legant
1171 2191 1411 2236 orationem
1432 2191 1632 2237 Catilinae
1648 2227 1660 2248 ,

267 2283 354 2327 qua
378 2266 529 2327 patriae
548 2264 852 2325 parricidium,
878 2279 967 2323 quo
985 2279 1075 2307 uno
1097 2264 1379 2307 continentur
1401 2264 1546 2309 omnia
1567 2281 1662 2310 see-

265 2336 376 2393 lera,
414 2335 672 2397 persuasit‘2.
704 2337 801 2378 Jam
831 2333 943 2377 illud
971 2333 1067 2394 quis
1095 2350 1185 2379 non
1218 2333 1367 2379 ridet?
1392 2335 1478 2394 Ipsi
1507 2335 1662 2380 dicunt

266 2408 379 2453 nihil
395 2423 439 2453 se
457 2408 502 2451 in
524 2404 693 2466 agendo
708 2404 830 2465 sequi
844 2404 923 2449 nisi
936 2404 1164 2464 probabile
1177 2439 1188 2459 ,
1203 2414 1247 2449 et
1260 2414 1466 2465 quaerunt
1477 2421 1657 2465 magno-

273 2494 377 2541 pere
399 2478 626 2523 veritatem
645 2507 655 2530 ,
682 2490 783 2520 cum
807 2475 865 2519 eis
887 2474 941 2519 sit
962 2474 1190 2536 probabile
1212 2491 1300 2520 non
1323 2491 1444 2536 posse
1461 2475 1658 2522 inveniri.

318 2583 325 2599 ¹
350 2588 359 2608 1
383 2578 527 2609 Reti-act.
548 2585 618 2616 cap.
646 2584 673 2613 i,
694 2584 722 2604 ιι.
745 2571 776 2614 4.
798 2587 837 2594 -—
865 2571 1015 2603 2Sanust.
1033 2571 1062 2602 in
1081 2573 1148 2603 Cal.
