1888 3168
637 177 691 204 DE
725 176 880 207 Mvsch
912 180 997 208 Lm.
1022 180 1082 208 vi.
1477 171 1562 212 509

159 242 222 287 les
247 261 256 288 ε
277 244 365 303 agit
382 243 502 288 enim
525 252 736 304 tanquam
759 244 815 289 de
837 260 1020 306 corpore
1041 261 1135 292 suo.
1161 246 1230 291 llli
1248 256 1396 292 autem
1418 257 1564 295 motus

159 332 270 378 quos
298 317 453 372 exerit,
492 331 726 377 aggregare
753 317 834 362 sibi
855 317 1021 378 aliquas
1045 317 1116 363 vel
1140 317 1329 363 subdere
1354 319 1533 380 cupiens
1548 356 1560 376 ,

106 402 109 404 ’
159 387 205 432 in
233 402 514 433 occursorum
540 403 724 433 numero
753 386 1037 449 deputantur.
1067 388 1169 446 Agit
1193 388 1310 433 enim
1352 398 1562 451 tanquam

158 459 205 504 in
229 460 425 505 sensibus
443 459 490 504 id
511 458 719 516 moliens,
746 469 797 505 ut
818 476 959 506 unum
980 475 1129 506 secum
1152 460 1228 504 fiat
1245 495 1257 516 ,
1293 461 1414 522 quod
1440 462 1564 507 velut

157 532 421 577 extrinsecus
439 530 723 589 admovetur,
751 542 796 578 et
811 533 933 594 quod
954 548 1045 578 non
1066 541 1210 593 potest
1231 532 1483 593 repellatur.
1504 537 1564 579 Et

157 603 236 648 hos
258 612 467 664 utrosque
480 613 626 649 motus
648 604 810 665 excipit
828 605 1053 659 memoria,
1070 613 1113 649 et
1131 603 1424 649 recordabiles
1437 603 1558 661 facit,

155 674 284 719 simili
308 675 441 721 modo
463 676 509 720 in
527 676 765 736 phantasiis
788 685 831 721 et
854 676 1231 738 phantasmatibus
1255 677 1472 721 actionem
1494 686 1562 722 ta-

154 744 263 790 lium
286 746 678 793 tumultuosissime
699 757 956 793 exaestuans.
978 750 1066 795 Nec
1080 746 1144 792 illi
1165 756 1377 808 tanquam
1395 749 1560 792 exami-

154 828 329 865 natores
352 820 526 866 numeri
552 820 738 877 desunt,
762 821 841 882 qui
868 821 1059 866 sentiant
1086 819 1194 881 quid
1223 819 1270 864 in
1301 820 1368 864 his
1389 820 1559 865 actibus

155 891 385 937 commode
407 892 497 938 sive
517 892 796 939 incommode
810 902 1053 949 moveatur,
1079 907 1188 953 quos
1211 892 1317 937 item
1339 891 1559 937 sensuales

153 964 372 1024 appellare
386 981 477 1010 non
498 966 658 1026 pigeat,
674 966 777 1027 quia
791 964 1010 1011 sensibilia
1025 965 1149 1026 signa
1163 974 1266 1009 sunt
1286 964 1447 1025 quibus
1474 965 1558 1010 hoc

150 1035 284 1080 modo
304 1037 460 1081 animae
489 1036 545 1081 ad
567 1038 731 1082 animas
756 1046 909 1097 agunt.
936 1037 1013 1082 His
1036 1046 1101 1082 tot
1129 1046 1173 1082 et
1195 1036 1327 1081 tantis
1348 1035 1560 1082 intentio-

149 1107 281 1151 nibus
303 1108 447 1152 anima
469 1107 689 1168 implicata
706 1143 717 1164 ,
738 1108 848 1169 quid
869 1108 1054 1164 mirum,
1077 1109 1111 1153 si
1136 1125 1160 1153 a
1185 1107 1557 1168 contemplatione

149 1179 340 1224 veritatis
364 1180 602 1225 avertitur?
624 1183 681 1226 Et
703 1190 920 1242 quantum
945 1179 1124 1241 quidem
1157 1180 1213 1225 ab
1241 1180 1307 1224 his
1344 1180 1552 1239 respirat,

148 1250 268 1295 videt
296 1251 415 1296 illam
450 1271 458 1297 :
480 1251 557 1297 sed
579 1253 682 1314 quia
711 1252 910 1298 nondum
932 1267 1002 1295 eas
1032 1251 1181 1305 evicit,
1213 1251 1259 1294 in
1283 1250 1357 1295 illa
1379 1267 1556 1296 manere

147 1336 238 1366 non
260 1321 430 1366 sinitur.
459 1325 527 1367 Ex
548 1339 636 1382 quo
661 1323 712 1366 fit
734 1330 786 1366 ut
816 1337 905 1366 non
928 1320 1060 1366 simul
1080 1321 1242 1365 habeat
1263 1321 1409 1367 anima
1431 1338 1556 1367 nosse

147 1392 193 1436 in
210 1391 372 1452 quibus
395 1392 722 1437 consistendum
745 1393 820 1447 sit,
838 1401 882 1437 et
902 1407 1027 1452 posse
1049 1392 1283 1437 consistere
1310 1391 1412 1437 :sed
1430 1409 1556 1438 num-

148 1463 258 1523 quid
282 1472 330 1507 tu
341 1462 456 1508 forte
472 1461 678 1509 adversus
699 1464 815 1510 haec?
833 1467 885 1509 D.
907 1462 1025 1511 Nihil
1045 1462 1240 1524 estquod
1254 1463 1555 1510 contradicere

147 1534 352 1581 audeam.

146 1682 1544 1702 WWUMMMWWWWWWWWWWM'WVWWWWVWUWWWQ

647 1816 868 1867 CAPUT
905 1818 1042 1867 XIV.

146 1964 235 2011 Ad
251 1963 351 2010 ,Det
369 1978 587 2009 amorem
604 1972 899 2023 provocatur
912 1965 1081 2009 anima
1104 1979 1168 2009 ex
1182 1980 1488 2009 monet-orum
1506 1974 1550 2010 ec

351 2034 536 2081 ordinis
558 2035 748 2080 ratione
769 2051 918 2094 quam
940 2037 989 2080 in
1012 2033 1153 2080 rebus
1175 2034 1348 2097 diligit.

204 2175 370 2217 XLIII.
396 2175 457 2218 M.
487 2175 605 2226 Qum
635 2185 737 2230 ergo
768 2173 930 2217 restat?
970 2174 1040 2216 An
1070 2180 1156 2228 ut,
1185 2172 1395 2232 quoniam
1438 2173 1551 2218 sicut

145 2244 371 2305 potuimus
391 2243 745 2304 inquinationem
762 2251 805 2288 et
821 2243 1172 2302 aggravationem
1185 2244 1341 2288 animae
1355 2244 1552 2289 conside-

146 2315 352 2371 ravimus,
376 2315 603 2361 videamus
620 2329 825 2375 quaenam
846 2313 909 2358 illi
931 2315 1044 2360 actio
1062 2314 1270 2361 divinitus
1288 2316 1544 2377 imperetur,

145 2404 234 2449 qua
255 2396 440 2448 purgata
462 2396 594 2449 atque
617 2395 850 2432 exonerata
862 2386 1030 2432 revolet
1046 2387 1102 2433 ad
1115 2388 1325 2449 quietem,
1352 2398 1396 2434 ct
1416 2390 1549 2434 intret

147 2461 192 2505 in
226 2460 438 2520 gaudium
467 2459 642 2505 Domini
676 2459 768 2504 sui?
789 2461 841 2503 D.
877 2461 942 2504 Ita
969 2460 1060 2504 fiat.
1093 2463 1155 2506 M.
1187 2460 1304 2514 Quid
1328 2477 1398 2506 me
1424 2471 1550 2522 putas

146 2532 249 2577 hinc
272 2532 437 2577 diutius
454 2532 614 2577 debere
637 2530 797 2587 dicere,
822 2545 924 2576 cum
946 2529 1106 2578 divinae
1127 2532 1362 2594 Scripturae
1389 2542 1452 2579 tot
1474 2549 1547 2578 vo-
