1883 3194
0 2990 7 3031 svs
0 2958 7 2977 ς
0 2865 7 2951 <5⁴43
0 2703 6 2857 ssew*

568 154 732 184 cosma,
766 157 1030 185 Acaneiuicos
1062 159 1188 185 1101511
1220 162 1249 184 1.
1559 152 1608 189 31

211 222 293 267 11151
314 231 358 267 01
381 222 500 283 apud
520 237 593 268 eos
615 222 820 283 loquerer
841 222 920 284 qui
945 223 1112 283 experti
1133 233 1252 280 sunt,
1267 233 1313 269 et
1333 226 1483 285 paucis
1496 242 1618 273 1111110

211 294 313 339 satis
332 294 387 340 sit
409 294 466 339 ad
497 292 544 339 id
576 295 701 355 quod
731 294 847 341 volo.
885 297 1043 342 Nonne
1065 294 1363 341 cochlearium
1385 298 1520 354 (mihi
1542 316 1620 344 au-

211 376 302 412 tem
326 368 526 425 dicebat)
548 383 652 413 cum
681 367 802 414 domi
824 383 916 414 non
936 368 1210 414 inveniretur
1224 404 1236 425 ,
1260 379 1340 415 tuo
1364 370 1491 431 jussu
1515 388 1619 433 per-

212 450 415 486 contatus
430 477 441 498 ,
481 457 573 486 non
623 441 767 486 solum
819 441 928 504 quid
980 451 1254 504 quaereretur
1269 478 1281 499 ,
1330 445 1619 490 verumetiam

210 512 473 558 nominatim
490 514 616 574 cujus
641 529 708 559 res
730 523 863 569 esset,
889 523 934 559 et
957 513 1036 558 ubi
1060 513 1232 570 lateret,
1257 514 1462 560 citissime
1479 517 1619 562 veris-

209 586 408 646 simeque
430 584 690 646 respondit?
714 588 827 631 Item
848 601 920 631 me
942 594 1174 647 praesente,
1201 586 1358 632 omitto
1372 586 1485 632 illud
1497 588 1620 650 quod

208 655 255 699 in
280 672 332 702 eo
359 656 483 718 quod
506 657 746 716 rogabatur
777 656 889 702 nihil
918 657 1103 703 omnino
1124 656 1260 703 falsus
1283 667 1372 715 est,
1403 657 1481 705 sed
1515 675 1620 705 cum

208 743 318 788 puer
340 728 418 789 qui
433 744 638 774 nummos
661 728 832 774 serebat
846 764 857 786 ,
882 737 1048 774 certam
1070 744 1226 775 eorum
1247 739 1419 791 partem
1441 746 1545 776 cum
1563 730 1620 777 ad

208 814 311 844 eum
333 813 613 860 pergeremus
634 798 807 845 furatus
828 810 955 858 esset,
972 817 1123 847 omnes
1136 801 1219 847 sibi
1230 802 1455 847 numerari
1469 803 1615 864 jussit,

206 872 441 935 coegitque
462 871 589 918 illum
613 883 715 918 ante
741 873 891 920 oculos
912 883 1083 920 nostros
1105 890 1216 937 quos
1250 874 1493 921 abstulerat
1514 874 1619 921 red-

206 943 336 1002 dere,
370 945 631 1007 priusquam
673 946 855 992 omnino
888 947 980 1007 ipse
1013 956 1091 992 aut
1110 947 1290 993 eosdem
1316 963 1521 994 nummos
1552 948 1621 993 vi-

204 1015 355 1074 disset,
387 1027 463 1062 aut
484 1027 705 1079 quantum
731 1018 816 1064 sibi
842 1018 1027 1064 allatum
1051 1019 1188 1064 fuerit
1210 1018 1404 1066 audisset
1424 1035 1448 1065 e
1470 1019 1615 1066 nobis.

263 1091 432 1135 XVIII.
460 1089 580 1145 Quid
608 1091 732 1152 quod
754 1091 1055 1137 doctissimum
1087 1102 1132 1138 et
1161 1091 1452 1138 clarissimum
1473 1093 1618 1139 virum

205 1159 489 1207 Flaccianum
519 1163 669 1208 mirari
706 1162 886 1209 solitum
919 1180 1010 1209 esse
1044 1164 1122 1209 abs
1156 1174 1199 1210 te
1233 1165 1506 1226 accepimus,
1543 1165 1620 1227 qui

203 1248 306 1279 cum
329 1234 385 1279 de
401 1234 545 1280 fundo
567 1236 756 1280 emendo
789 1246 900 1281 esset
927 1235 1128 1293 locutus,
1167 1237 1224 1282 ad
1255 1236 1385 1282 illum
1417 1236 1620 1283 divinum

202 1321 296 1351 rem
314 1307 374 1351 ita
397 1305 579 1362 detulit,
605 1316 657 1351 ut
687 1306 797 1368 quid
830 1307 1009 1367 egisset,
1035 1309 1071 1353 si
1098 1308 1213 1369 potis
1248 1318 1382 1366 esset,
1409 1309 1616 1362 ediceret,

201 1379 350 1439 Atque
371 1376 447 1422 ille
471 1378 618 1422 statim
636 1393 727 1423 11011
749 1377 885 1423 modo
911 1379 1076 1439 negotii
1108 1395 1268 1440 genus,
1293 1378 1370 1424 sed
1392 1380 1546 1437 etiam,
1573 1382 1620 1427 in

201 1465 293 1510 quo
318 1448 392 1493 ille
407 1449 694 1494 vehementer
709 1448 929 1494 clamabat
947 1449 1168 1496 admirans
1180 1487 1191 1508 ,
1217 1451 1364 1513 ipsum
1381 1451 1512 1498 fundi
1533 1469 1619 1499 110-

202 1537 306 1567 men
327 1522 655 1583 pronuntiavit,
694 1538 798 1568 cum
836 1522 896 1568 ita
926 1532 1038 1569 esset
1065 1523 1334 1582 absurdum,
1360 1535 1412 1571 ut
1432 1526 1503 1572 vix
1525 1528 1618 1589 ejus

202 1595 460 1642 Flaccianus
482 1595 575 1656 ipse
601 1594 896 1640 meminisset?
914 1598 1013 1641 Iam
1031 1595 1146 1642 illud
1162 1597 1260 1643 sine
1280 1607 1460 1660 stupore
1482 1600 1618 1645 animi

202 1684 293 1713 non
316 1684 432 1730 queo
454 1667 624 1723 dicere,
649 1667 773 1729 quod
806 1667 947 1713 amico
981 1678 1133 1714 nostro
1167 1669 1386 1732 discipulo
1410 1681 1487 1717 tuo
1525 1688 1617 1718 sese

201 1739 369 1785 volenti
383 1739 598 1800 exagitare
610 1775 621 1796 ‚
646 1739 955 1801 flagitantique
971 1740 1211 1786 insolenter
1223 1777 1234 1798 ,
1256 1751 1307 1787 ut
1323 1742 1490 1795 diceret
1507 1744 1617 1806 quid

201 1824 351 1857 secum
369 1812 461 1872 ipse
484 1811 642 1856 tacitus
663 1810 862 1857 volveret
877 1847 888 1868 ,
912 1812 1083 1872 Virgilii
1105 1829 1281 1859 versum
1296 1830 1399 1860 eum
1422 1816 1616 1876 cogitare

201 1882 441 1946 respondit.
458 1885 574 1930 Cum
591 1882 665 1928 ille
683 1882 1016 1945 obstupefactus
1038 1901 1200 1946 negare
1214 1903 1305 1932 non
1326 1897 1494 1948 posset,
1520 1905 1617 1950 per-

200 1957 312 2002 rexit
328 1972 527 2018 quaerere
548 1956 755 2018 quisnam
774 1972 926 2002 versus
955 1967 1082 2003 esset.
1116 1961 1207 2005 Nec
1230 1958 1477 2006 Albicerius
1495 1997 1506 2018 ,
1536 1962 1614 2023 qui

202 2028 488 2074 Grammatici
528 2027 723 2073 scholam
757 2028 830 2075 vix
871 2029 1086 2075 transiens
1111 2030 1304 2077 vidisset
1346 2032 1610 2095 aliquando,

199 2116 376 2147 versum
397 2101 542 2162 ipsum
564 2116 745 2146 securus
768 2109 813 2146 et
835 2101 1035 2160 garrulus
1058 2118 1215 2148 canere
1232 2102 1469 2150 dubitavit.
1495 2109 1612 2153 Num

200 2172 333 2232 igitur
357 2183 435 2219 aut
465 2189 532 2219 res
552 2175 762 2219 humanae
789 2189 881 2219 non
903 2183 1049 2231 erant,
1076 2174 1133 2220 de
1165 2176 1330 2237 quibus
1352 2177 1426 2223 ille
1448 2194 1613 2224 consu-

200 2245 375 2292 lebatur
390 2283 401 2304 ,
427 2255 504 2292 aut
538 2247 631 2293 sine
675 2262 825 2291 rerum
866 2246 1120 2293 divinarum
1160 2249 1340 2295 scientia
1362 2259 1453 2295 tam
1494 2262 1613 2298 certa

201 2318 533 2364 consulentibus
562 2328 607 2364 et
626 2334 730 2365 vera
751 2318 1005 2379 respondit?
1027 2322 1085 2365 At
1107 2328 1346 2382 utrumque
1368 2322 1613 2369 absurdum

202 2399 281 2435 est.
302 2393 414 2437 Nam
435 2400 480 2435 et
504 2391 712 2436 humanae
731 2406 799 2436 res
820 2389 933 2435 nihil
955 2401 1059 2436 sunt
1082 2391 1204 2437 aliud
1225 2408 1359 2454 quam
1377 2410 1444 2440 res
1466 2396 1612 2440 homi-

202 2479 328 2519 num,
348 2472 400 2507 ut
416 2472 666 2523 argentum,
688 2462 878 2519 nummi,
910 2462 1094 2520 fundus,
1115 2474 1338 2525 postremo
1365 2466 1456 2527 ipsa
1478 2468 1611 2514 etiam

203 2533 413 2595 cogitatio
439 2552 452 2582 :·
475 2543 522 2582 et
540 2550 609 2582 res
647 2534 817 2583 divinas
837 2535 934 2596 quis
956 2551 1047 2582 11011
1086 2546 1203 2582 recte
1224 2537 1463 2584 arbitretur
1492 2555 1605 2596 esse,
