1852 3163
242 198 326 234 900
673 208 705 233 5.
744 204 969 234 Aroes-nivi
1005 207 1183 234 muscom

241 283 394 334 pererit
431 273 496 317 vel
525 272 764 328 Ibi-veroni,
798 273 861 316 vol
894 273 1002 333 quid
1026 272 1159 316 aliud.
1191 274 1243 316 Ut
1277 273 1309 317 si
1332 274 1432 333 quis
1455 272 1626 327 locum,

241 345 360 390 1111111·
383 343 585 403 gravibus
608 344 815 388 odoribus
850 353 1070 403 serpentes
1093 343 1326 402 fugantur,
1358 343 1630 388 rationabili-

242 427 307 460 ter
324 416 441 460 dicat
463 416 522 459 ita
542 414 681 469 olere,
704 429 877 459 eausam
901 415 1074 458 intuens
1098 430 1234 474 quare
1250 415 1304 459 sit
1327 413 1494 459 sactum
1523 432 1532 458 z
1557 423 1632 457 aut

241 487 450 548 poculum
487 486 605 548 quod
635 486 830 532 medicus
870 486 1134 542 confecerit,
1171 487 1489 532 rationabiliter
1511 502 1632 531 ama-

241 575 339 604 rum
361 575 450 604 esse
472 558 541 602 vel
565 557 694 602 dulce
721 578 729 603 :
756 567 831 602 aut
853 557 975 619 quod
997 559 1228 618 temperari
1247 557 1457 618 languido
1472 557 1632 603 solium

237 630 435 692 jusserit,
474 628 613 674 calere
648 628 964 674 rationabiliter
1000 638 1076 674 aut
1114 637 1277 688 tepere.
1308 632 1445 675 Nemo
1480 638 1629 674 autem

244 704 423 746 hortum
440 701 679 760 ingressus,
700 710 743 745 et
765 716 905 745 rosam
928 701 1106 745 naribus
1129 700 1364 746 admovens
1382 737 1392 756 ,
1418 701 1552 746 audet
1573 701 1632 744 ita

243 772 409 828 dicere,
436 788 569 833 quam
592 771 908 816 rationabiliter
924 770 1088 831 fragrat
1110 791 1118 817 ε
1144 787 1224 816 1100
1241 772 1274 816 51
1296 770 1490 816 medicus
1512 770 1633 815 illam

242 854 293 888 ut
330 843 537 889 olfaceret
555 843 747 903 jusserit.
791 846 913 888 Tunc
947 843 1063 887 enim
1097 852 1366 903 praeceptum
1387 841 1458 887 vel
1479 843 1633 886 datum

241 916 354 960 illud
383 913 714 969 rationabiliter,
750 930 839 958 non
871 923 1018 958 tamen
1041 914 1157 958 olere
1193 912 1510 958 rationabiliter
1529 911 1633 957 dici-

244 996 348 1031 tur:
374 1001 454 1030 nec
487 994 738 1046 propterea,
777 985 881 1046 quia
912 984 1121 1029 naturalis
1156 984 1231 1029 ille
1271 984 1380 1029 odor
1413 993 1492 1028 est.
1524 985 1634 1028 Nam

243 1057 443 1117 quamvis
480 1073 503 1100 a
538 1072 680 1116 coquo
708 1055 989 1115 pulmentum
1021 1055 1280 1112 condiatur,
1316 1052 1635 1100 rationabiliter

243 1127 472 1172 conditum
497 1142 726 1187 possumus
748 1125 890 1171 dicere
917 1146 926 1171 ι
952 1125 1267 1171 rationabiliter
1298 1135 1444 1170 autem
1465 1139 1631 1185 sapere,

245 1213 347 1242 011111
369 1213 498 1242 causa
515 1197 780 1242 extrinsecus
796 1196 918 1241 nulla
941 1197 994 1241 sit
1007 1233 1017 1252 ,
1039 1196 1114 1241 sed
1131 1197 1336 1257 praesenti
1358 1196 1536 1240 satisfiat
1553 1210 1636 1239 vo-

244 1268 430 1328 luptati,
455 1267 579 1312 nullo
605 1266 738 1312 modo
763 1268 856 1327 ipsa
876 1266 1088 1327 loquendi
1115 1267 1434 1312 consuetudine
1456 1265 1631 1310 dicitur.

220 1366 235 1380 0
250 1339 295 1384 Si
325 1340 441 1383 enim
464 1347 688 1398 quaeratur
708 1338 763 1382 de
784 1336 876 1393 illo,
897 1338 967 1381 eui
989 1338 1199 1398 poculum
1224 1337 1419 1383 medicus
1439 1336 1633 1391 dederit,

246 1426 325 1454 cur
347 1411 393 1454 id
414 1409 601 1454 dulciter
629 1410 788 1454 sentire
819 1408 1051 1467 debuerit,
1087 1409 1210 1454 aliud
1239 1409 1426 1454 infertur
1456 1417 1636 1469 propter

252 1481 375 1543 quod
397 1482 454 1526 ita
475 1490 559 1536 est,
584 1480 630 1525 id
659 1490 723 1525 est
743 1480 886 1525 morbi
918 1497 1053 1540 genus
1067 1517 1077 1537 ,
1117 1480 1239 1542 quod
1268 1482 1359 1541 jam
1381 1496 1471 1525 non
1493 1480 1540 1524 in
1561 1477 1638 1524 illo

247 1569 377 1598 sensu
405 1562 491 1609 est,
517 1552 593 1597 sed
622 1551 745 1597 aliter
771 1568 861 1596 sese
882 1552 1018 1596 habet
1038 1553 1085 1596 in
1106 1568 1302 1611 corpore.
1333 1552 1376 1598 Si
1399 1561 1546 1597 autem
1567 1566 1640 1595 ro-

251 1634 377 1684 getur
398 1624 607 1684 liguriens
628 1622 815 1684 aliquid,
853 1622 966 1682 gulae
988 1623 1166 1668 stimulo
1188 1624 1454 1679 concitatus,
1481 1638 1559 1667 cur
1580 1622 1639 1666 ita

250 1696 380 1740 dulce
413 1696 493 1751 sit,
521 1705 564 1740 et
592 1694 854 1755 respondeat
875 1694 978 1755 quia
1005 1694 1140 1750 libet,
1175 1704 1251 1739 aut
1270 1695 1373 1754 quia
1409 1693 1602 1738 delector
1628 1712 1638 1738 :

251 1782 381 1812 nemo
398 1765 509 1810 illud
531 1766 647 1811 dicet
667 1764 982 1810 rationabiliter
1005 1764 1132 1809 dulce
1148 1800 1159 1819 ‚
1184 1765 1266 1809 nisi
1290 1764 1403 1809 forte
1424 1764 1541 1809 illius
1562 1763 1642 1808 de-

254 1838 429 1882 lectatio
451 1837 582 1881 alieui
602 1837 664 1881 rei
687 1837 741 1881 sit
757 1837 1018 1892 necessaria,
1043 1846 1087 1881 et
1103 1835 1213 1880 illud
1234 1835 1355 1896 quod
1377 1834 1564 1891 mandit,
1585 1835 1643 1879 ob

253 1911 338 1954 hoc
359 1910 419 1954 ita
442 1907 692 1954 confectum
715 1909 783 1953 sit.

312 1983 526 2026 XXXIII.
576 1983 790 2024 Tenemus
829 1988 1047 2038 quantum
1087 1979 1345 2036 investigare
1392 1977 1616 2038 potuimus
1630 2013 1641 2033 ,

256 2054 461 2115 quaedam
483 2051 663 2111 vestigia
686 2051 862 2096 rationis
886 2052 932 2095 in
955 2051 1175 2106 sensibus,
1211 2061 1254 2095 et
1276 2049 1396 2111 quod
1419 2050 1474 2094 ad
1503 2050 1644 2094 visum

256 2135 388 2186 atque
410 2123 610 2168 auditum
631 2123 843 2183 pertinet,
869 2125 915 2168 111
931 2123 1022 2183 ipsa
1035 2123 1166 2167 etiam
1184 2121 1424 2181 voluptate.
1443 2121 1528 2166 Alii
1541 2136 1646 2166 vero

259 2213 407 2242 sensus
422 2212 512 2241 non
530 2195 575 2239 111
597 2195 823 2254 voluptate
844 2211 937 2250 sua,
959 2194 1035 2239 sed
1051 2204 1229 2255 propter
1251 2192 1417 2253 aliquid
1439 2192 1561 2237 aliud
1582 2208 1648 2237 so-

259 2267 351 2312 lent
372 2269 456 2312 hoc
480 2282 642 2311 nomen
665 2266 831 2323 exigere
859 2285 866 2310 :
892 2265 937 2309 id
959 2275 1105 2309 autem
1123 2274 1187 2309 est
1208 2263 1426 2308 rationalis
1449 2264 1647 2307 animan-

262 2340 315 2384 tis
348 2339 513 2382 laetum
534 2346 712 2397 propter
735 2336 925 2396 aliquem
958 2338 1106 2380 finem.
1149 2336 1233 2380 Sed
1265 2335 1319 2378 ad
1342 2334 1490 2378 oculos
1527 2334 1648 2395 quod

261 2410 472 2470 pertinet,
497 2410 542 2453 111
564 2424 653 2469 quo
674 2408 958 2466 congruentia
976 2407 1166 2466 partium
1184 2404 1450 2449 rationabilis
1468 2404 1644 2460 dicitur,

263 2480 500 2540 pulchrum
535 2477 743 2539 appellari
773 2477 895 2522 solet.
922 2476 1052 2531 Quod
1073 2492 1174 2520 vero
1209 2477 1263 2520 ad
1286 2491 1410 2520 aures
1427 2511 1437 2531 ,
1470 2474 1648 2536 quando

266 2550 565 2595 rationabilem
606 2559 867 2593 concentum
907 2548 1114 2595 dicimus„
1152 2556 1416 2606 cantumque
1439 2560 1647 2590 numero-
