<?xml version="1.0" encoding="UTF-8"?>
<!DOCTYPE html PUBLIC "-//W3C//DTD XHTML 1.0 Transitional//EN"
    "http://www.w3.org/TR/xhtml1/DTD/xhtml1-transitional.dtd">
<html xmlns="http://www.w3.org/1999/xhtml" xml:lang="en" lang="en">
 <head>
  <title>
</title>
<meta http-equiv="Content-Type" content="text/html;charset=utf-8" />
  <meta name='ocr-system' content='tesseract 3.04.00' />
  <meta name='ocr-capabilities' content='ocr_page ocr_carea ocr_par ocr_line ocrx_word'/>
</head>
<body>
  <div class='ocr_page' id='page_1' title='image "./operaomniaaccura01auguuoft_0451.png"; bbox 0 0 1888 3168; ppageno 0'>
   <div class='ocr_carea' id='block_1_1' title="bbox 667 203 1581 248">
    <p class='ocr_par' dir='ltr' id='par_1_1' title="bbox 667 203 1581 248">
     <span class='ocr_line' id='line_1_1' title="bbox 667 203 1581 248; baseline -0.004 -1"><span class='ocrx_word' id='word_1_1' title='bbox 667 220 720 248; x_wconf 80' lang='lat' dir='ltr'>DE</span> <span class='ocrx_word' id='word_1_2' title='bbox 753 218 903 246; x_wconf 64' lang='lat' dir='ltr'>Mt‘SlCA</span> <span class='ocrx_word' id='word_1_3' title='bbox 937 221 1019 246; x_wconf 76' lang='lat' dir='ltr'>Lm.</span> <span class='ocrx_word' id='word_1_4' title='bbox 1056 221 1114 246; x_wconf 81' lang='lat' dir='ltr'>lv.</span> <span class='ocrx_word' id='word_1_5' title='bbox 1503 203 1581 243; x_wconf 76' lang='lat'>441</span> 
     </span>
    </p>
   </div>
   <div class='ocr_carea' id='block_1_2' title="bbox 195 284 1598 1839">
    <p class='ocr_par' dir='ltr' id='par_1_2' title="bbox 196 284 1592 620">
     <span class='ocr_line' id='line_1_2' title="bbox 196 284 1584 345; baseline -0.006 -14"><span class='ocrx_word' id='word_1_6' title='bbox 196 287 389 332; x_wconf 85' lang='lat' dir='ltr'>medium</span> <span class='ocrx_word' id='word_1_7' title='bbox 403 285 715 341; x_wconf 82' lang='lat' dir='ltr'>trimembrem,</span> <span class='ocrx_word' id='word_1_8' title='bbox 731 295 773 330; x_wconf 84' lang='lat' dir='ltr'>ct</span> <span class='ocrx_word' id='word_1_9' title='bbox 787 285 989 329; x_wconf 78' lang='lat' dir='ltr'>ultimum</span> <span class='ocrx_word' id='word_1_10' title='bbox 1004 284 1399 345; x_wconf 54' lang='lat' dir='ltr'>quadri,nemin-om</span> <span class='ocrx_word' id='word_1_11' title='bbox 1410 298 1564 327; x_wconf 79' lang='lat' dir='ltr'>vocare</span> <span class='ocrx_word' id='word_1_12' title='bbox 1577 298 1584 323; x_wconf 87' lang='lat'>:</span> 
     </span>
     <span class='ocr_line' id='line_1_3' title="bbox 196 357 1589 416; baseline -0.003 -14"><span class='ocrx_word' id='word_1_13' title='bbox 196 360 275 403; x_wconf 78' lang='lat' dir='ltr'>hos</span> <span class='ocrx_word' id='word_1_14' title='bbox 297 358 414 403; x_wconf 69' lang='lat' dir='ltr'>enim</span> <span class='ocrx_word' id='word_1_15' title='bbox 437 357 577 402; x_wconf 64' lang='lat' dir='ltr'>GI‘OECi</span> <span class='ocrx_word' id='word_1_16' title='bbox 601 362 728 396; x_wconf 54' lang='lat' dir='ltr'>&amp;moze-2</span> <span class='ocrx_word' id='word_1_17' title='bbox 749 364 882 409; x_wconf 51' lang='grc' dir='ltr'>τρίχαλον</span> <span class='ocrx_word' id='word_1_18' title='bbox 901 363 1080 408; x_wconf 57' lang='grc' dir='ltr'>τετράκῑὶιν</span> <span class='ocrx_word' id='word_1_19' title='bbox 1102 364 1276 399; x_wconf 67' lang='lat' dir='ltr'>vocant.</span> <span class='ocrx_word' id='word_1_20' title='bbox 1299 358 1362 399; x_wconf 74' lang='lat' dir='ltr'>DC</span> <span class='ocrx_word' id='word_1_21' title='bbox 1386 371 1473 416; x_wconf 57' lang='lat' dir='ltr'>QUO</span> <span class='ocrx_word' id='word_1_22' title='bbox 1498 363 1589 398; x_wconf 69' lang='lat' dir='ltr'>tOiO</span> 
     </span>
     <span class='ocr_line' id='line_1_4' title="bbox 198 424 1590 490; baseline -0.004 -17"><span class='ocrx_word' id='word_1_23' title='bbox 198 426 354 490; x_wconf 79' lang='lat' dir='ltr'>genere</span> <span class='ocrx_word' id='word_1_24' title='bbox 376 428 585 490; x_wconf 89' lang='lat' dir='ltr'>quoniam</span> <span class='ocrx_word' id='word_1_25' title='bbox 607 426 858 485; x_wconf 80' lang='lat' dir='ltr'>diligentius</span> <span class='ocrx_word' id='word_1_26' title='bbox 882 425 1109 471; x_wconf 83' lang='lat' dir='ltr'>tractaturi</span> <span class='ocrx_word' id='word_1_27' title='bbox 1127 441 1276 470; x_wconf 88' lang='lat' dir='ltr'>sumus</span> <span class='ocrx_word' id='word_1_28' title='bbox 1294 461 1305 480; x_wconf 90' lang='lat'>,</span> <span class='ocrx_word' id='word_1_29' title='bbox 1336 434 1384 469; x_wconf 81' lang='lat' dir='ltr'>ut</span> <span class='ocrx_word' id='word_1_30' title='bbox 1401 424 1487 469; x_wconf 70' lang='lat' dir='ltr'>dixi</span> <span class='ocrx_word' id='word_1_31' title='bbox 1504 457 1517 480; x_wconf 88' lang='lat'>,</span> <span class='ocrx_word' id='word_1_32' title='bbox 1544 425 1590 468; x_wconf 89' lang='lat' dir='ltr'>in</span> 
     </span>
     <span class='ocr_line' id='line_1_5' title="bbox 197 495 1592 560; baseline -0.004 -14"><span class='ocrx_word' id='word_1_33' title='bbox 197 517 249 546; x_wconf 86' lang='lat' dir='ltr'>eo</span> <span class='ocrx_word' id='word_1_34' title='bbox 271 515 486 555; x_wconf 77' lang='lat' dir='ltr'>sermone,</span> <span class='ocrx_word' id='word_1_35' title='bbox 512 498 589 560; x_wconf 89' lang='lat' dir='ltr'>qui</span> <span class='ocrx_word' id='word_1_36' title='bbox 611 498 735 543; x_wconf 79' lang='lat' dir='ltr'>nobis</span> <span class='ocrx_word' id='word_1_37' title='bbox 757 497 812 545; x_wconf 87' lang='lat' dir='ltr'>de</span> <span class='ocrx_word' id='word_1_38' title='bbox 832 497 1028 544; x_wconf 82' lang='lat' dir='ltr'>versibus</span> <span class='ocrx_word' id='word_1_39' title='bbox 1050 497 1153 553; x_wconf 78' lang='lat' dir='ltr'>erit,</span> <span class='ocrx_word' id='word_1_40' title='bbox 1170 512 1291 542; x_wconf 90' lang='lat' dir='ltr'>nunc</span> <span class='ocrx_word' id='word_1_41' title='bbox 1311 495 1487 541; x_wconf 86' lang='lat' dir='ltr'>interim</span> <span class='ocrx_word' id='word_1_42' title='bbox 1508 495 1592 540; x_wconf 85' lang='lat' dir='ltr'>lioc</span> 
     </span>
     <span class='ocr_line' id='line_1_6' title="bbox 197 573 388 620; baseline -0.026 0"><span class='ocrx_word' id='word_1_43' title='bbox 197 573 297 620; x_wconf 83' lang='lat' dir='ltr'>satis</span> <span class='ocrx_word' id='word_1_44' title='bbox 320 573 388 617; x_wconf 89' lang='lat' dir='ltr'>sit.</span> 
     </span>
    </p>

    <p class='ocr_par' dir='ltr' id='par_1_3' title="bbox 195 639 1598 1839">
     <span class='ocr_line' id='line_1_7' title="bbox 256 639 1592 702; baseline -0.004 -14"><span class='ocrx_word' id='word_1_45' title='bbox 256 644 488 688; x_wconf 84' lang='lat' dir='ltr'>XXXVII.</span> <span class='ocrx_word' id='word_1_46' title='bbox 527 643 638 688; x_wconf 87' lang='lat' dir='ltr'>Sane</span> <span class='ocrx_word' id='word_1_47' title='bbox 668 641 855 687; x_wconf 81' lang='lat' dir='ltr'>arbitror</span> <span class='ocrx_word' id='word_1_48' title='bbox 875 642 966 702; x_wconf 83' lang='lat' dir='ltr'>jam</span> <span class='ocrx_word' id='word_1_49' title='bbox 992 650 1035 686; x_wconf 91' lang='lat' dir='ltr'>te</span> <span class='ocrx_word' id='word_1_50' title='bbox 1066 639 1310 700; x_wconf 85' lang='lat' dir='ltr'>intelligere</span> <span class='ocrx_word' id='word_1_51' title='bbox 1338 640 1592 684; x_wconf 88' lang='lat' dir='ltr'>innumera-</span> 
     </span>
     <span class='ocr_line' id='line_1_8' title="bbox 198 713 1593 776; baseline -0.003 -16"><span class='ocrx_word' id='word_1_52' title='bbox 198 715 297 761; x_wconf 81' lang='lat' dir='ltr'>bilia</span> <span class='ocrx_word' id='word_1_53' title='bbox 315 730 473 776; x_wconf 85' lang='lat' dir='ltr'>genera</span> <span class='ocrx_word' id='word_1_54' title='bbox 495 730 584 760; x_wconf 88' lang='lat' dir='ltr'>esse</span> <span class='ocrx_word' id='word_1_55' title='bbox 600 724 840 760; x_wconf 82' lang='lat' dir='ltr'>metrorum</span> <span class='ocrx_word' id='word_1_56' title='bbox 851 750 862 770; x_wconf 90' lang='lat'>,</span> <span class='ocrx_word' id='word_1_57' title='bbox 879 731 979 776; x_wconf 84' lang='lat' dir='ltr'>quae</span> <span class='ocrx_word' id='word_1_58' title='bbox 996 714 1235 775; x_wconf 81' lang='lat' dir='ltr'>quingenta</span> <span class='ocrx_word' id='word_1_59' title='bbox 1252 713 1472 772; x_wconf 79' lang='lat' dir='ltr'>sexaginta</span> <span class='ocrx_word' id='word_1_60' title='bbox 1495 721 1593 757; x_wconf 93' lang='lat' dir='ltr'>octo</span> 
     </span>
     <span class='ocr_line' id='line_1_9' title="bbox 198 783 1594 845; baseline -0.004 -12"><span class='ocrx_word' id='word_1_61' title='bbox 198 789 523 844; x_wconf 84' lang='lat' dir='ltr'>inveneramus,</span> <span class='ocrx_word' id='word_1_62' title='bbox 545 803 646 833; x_wconf 89' lang='lat' dir='ltr'>cum</span> <span class='ocrx_word' id='word_1_63' title='bbox 663 797 706 832; x_wconf 89' lang='lat' dir='ltr'>et</span> <span class='ocrx_word' id='word_1_64' title='bbox 724 788 778 833; x_wconf 89' lang='lat' dir='ltr'>de</span> <span class='ocrx_word' id='word_1_65' title='bbox 792 788 971 832; x_wconf 87' lang='lat' dir='ltr'>silentiis</span> <span class='ocrx_word' id='word_1_66' title='bbox 989 786 1163 832; x_wconf 89' lang='lat' dir='ltr'>nonnisi</span> <span class='ocrx_word' id='word_1_67' title='bbox 1177 784 1381 830; x_wconf 85' lang='lat' dir='ltr'>finalibus</span> <span class='ocrx_word' id='word_1_68' title='bbox 1395 783 1594 845; x_wconf 72' lang='lat' dir='ltr'>exempla</span> 
     </span>
     <span class='ocr_line' id='line_1_10' title="bbox 197 855 1595 920; baseline -0.004 -14"><span class='ocrx_word' id='word_1_69' title='bbox 197 869 338 906; x_wconf 79' lang='lat' dir='ltr'>essent</span> <span class='ocrx_word' id='word_1_70' title='bbox 349 859 449 905; x_wconf 82' lang='lat' dir='ltr'>data</span> <span class='ocrx_word' id='word_1_71' title='bbox 462 896 472 916; x_wconf 87' lang='lat'>,</span> <span class='ocrx_word' id='word_1_72' title='bbox 490 869 532 904; x_wconf 93' lang='lat' dir='ltr'>et</span> <span class='ocrx_word' id='word_1_73' title='bbox 553 859 675 905; x_wconf 85' lang='lat' dir='ltr'>nulla</span> <span class='ocrx_word' id='word_1_74' title='bbox 692 858 857 920; x_wconf 87' lang='lat' dir='ltr'>pedum</span> <span class='ocrx_word' id='word_1_75' title='bbox 870 859 1118 905; x_wconf 77' lang='lat' dir='ltr'>commixtio</span> <span class='ocrx_word' id='word_1_76' title='bbox 1132 858 1244 903; x_wconf 81' lang='lat' dir='ltr'>facta</span> <span class='ocrx_word' id='word_1_77' title='bbox 1259 866 1391 913; x_wconf 87' lang='lat' dir='ltr'>esset,</span> <span class='ocrx_word' id='word_1_78' title='bbox 1417 866 1460 901; x_wconf 87' lang='lat' dir='ltr'>et</span> <span class='ocrx_word' id='word_1_79' title='bbox 1474 855 1595 900; x_wconf 85' lang='lat' dir='ltr'>nulla</span> 
     </span>
     <span class='ocr_line' id='line_1_11' title="bbox 196 928 1592 1009; baseline -0.004 -32"><span class='ocrx_word' id='word_1_80' title='bbox 196 931 356 977; x_wconf 81' lang='lat' dir='ltr'>solutio</span> <span class='ocrx_word' id='word_1_81' title='bbox 375 931 608 992; x_wconf 83' lang='lat' dir='ltr'>longarum</span> <span class='ocrx_word' id='word_1_82' title='bbox 630 933 676 976; x_wconf 89' lang='lat' dir='ltr'>in</span> <span class='ocrx_word' id='word_1_83' title='bbox 693 931 800 977; x_wconf 87' lang='lat' dir='ltr'>duas</span> <span class='ocrx_word' id='word_1_84' title='bbox 819 932 992 988; x_wconf 85' lang='lat' dir='ltr'>breves,</span> <span class='ocrx_word' id='word_1_85' title='bbox 1013 948 1113 993; x_wconf 69' lang='lat' dir='ltr'>quae</span> <span class='ocrx_word' id='word_1_86' title='bbox 1134 931 1293 1009; x_wconf 77' lang='lat' dir='ltr'>pedem</span> <span class='ocrx_word' id='word_1_87' title='bbox 1322 929 1438 974; x_wconf 86' lang='lat' dir='ltr'>ultra</span> <span class='ocrx_word' id='word_1_88' title='bbox 1458 928 1592 988; x_wconf 71' lang='lat' dir='ltr'>sylla—</span> 
     </span>
     <span class='ocr_line' id='line_1_12' title="bbox 196 1001 1592 1067; baseline -0.004 -19"><span class='ocrx_word' id='word_1_89' title='bbox 196 1004 272 1050; x_wconf 85' lang='lat' dir='ltr'>bas</span> <span class='ocrx_word' id='word_1_90' title='bbox 309 1013 499 1067; x_wconf 87' lang='lat' dir='ltr'>quatuor</span> <span class='ocrx_word' id='word_1_91' title='bbox 520 1003 777 1065; x_wconf 81' lang='lat' dir='ltr'>porrigeret.</span> <span class='ocrx_word' id='word_1_92' title='bbox 804 1007 863 1049; x_wconf 89' lang='lat' dir='ltr'>At</span> <span class='ocrx_word' id='word_1_93' title='bbox 884 1004 917 1048; x_wconf 90' lang='lat' dir='ltr'>si</span> <span class='ocrx_word' id='word_1_94' title='bbox 952 1003 1148 1048; x_wconf 87' lang='lat' dir='ltr'>adhibita</span> <span class='ocrx_word' id='word_1_95' title='bbox 1172 1003 1292 1048; x_wconf 89' lang='lat' dir='ltr'>omni</span> <span class='ocrx_word' id='word_1_96' title='bbox 1321 1001 1592 1047; x_wconf 74' lang='lat' dir='ltr'>silentiorum</span> 
     </span>
     <span class='ocr_line' id='line_1_13' title="bbox 196 1072 1594 1149; baseline -0.004 -29"><span class='ocrx_word' id='word_1_97' title='bbox 196 1076 550 1149; x_wconf 74' lang='lat' dir='ltr'>interpositione,</span> <span class='ocrx_word' id='word_1_98' title='bbox 577 1085 620 1120; x_wconf 89' lang='lat' dir='ltr'>et</span> <span class='ocrx_word' id='word_1_99' title='bbox 644 1076 762 1120; x_wconf 85' lang='lat' dir='ltr'>omni</span> <span class='ocrx_word' id='word_1_100' title='bbox 785 1074 949 1136; x_wconf 88' lang='lat' dir='ltr'>pedum</span> <span class='ocrx_word' id='word_1_101' title='bbox 972 1076 1303 1129; x_wconf 69' lang='lat' dir='ltr'>commixtione,</span> <span class='ocrx_word' id='word_1_102' title='bbox 1321 1083 1364 1117; x_wconf 89' lang='lat' dir='ltr'>et</span> <span class='ocrx_word' id='word_1_103' title='bbox 1387 1072 1506 1118; x_wconf 88' lang='lat' dir='ltr'>omni</span> <span class='ocrx_word' id='word_1_104' title='bbox 1523 1088 1594 1116; x_wconf 85' lang='lat' dir='ltr'>so-</span> 
     </span>
     <span class='ocr_line' id='line_1_14' title="bbox 195 1135 1590 1207; baseline -0.004 -14"><span class='ocrx_word' id='word_1_105' title='bbox 195 1135 364 1193; x_wconf 89' lang='lat' dir='ltr'>lutione</span> <span class='ocrx_word' id='word_1_106' title='bbox 399 1146 631 1206; x_wconf 78' lang='lat' dir='ltr'>longarum</span> <span class='ocrx_word' id='word_1_107' title='bbox 669 1146 873 1207; x_wconf 80' lang='lat' dir='ltr'>coflioeie</span> <span class='ocrx_word' id='word_1_108' title='bbox 913 1162 1020 1192; x_wconf 84' lang='lat' dir='ltr'>num</span> <span class='ocrx_word' id='word_1_109' title='bbox 1025 1162 1070 1191; x_wconf 75' lang='lat'>‹31</span> <span class='ocrx_word' id='word_1_110' title='bbox 1073 1161 1144 1191; x_wconf 89' lang='lat' dir='ltr'>um</span> <span class='ocrx_word' id='word_1_111' title='bbox 1185 1155 1297 1190; x_wconf 83' lang='lat' dir='ltr'>meti</span> <span class='ocrx_word' id='word_1_112' title='bbox 1300 1161 1348 1190; x_wconf 86' lang='grc'>01</span> <span class='ocrx_word' id='word_1_113' title='bbox 1353 1160 1426 1189; x_wconf 88' lang='lat' dir='ltr'>um</span> <span class='ocrx_word' id='word_1_114' title='bbox 1461 1143 1590 1198; x_wconf 85' lang='lat' dir='ltr'>velis,</span> 
     </span>
     <span class='ocr_line' id='line_1_15' title="bbox 196 1214 1596 1280; baseline -0.003 -16"><span class='ocrx_word' id='word_1_115' title='bbox 196 1228 344 1266; x_wconf 88' lang='lat' dir='ltr'>tantus</span> <span class='ocrx_word' id='word_1_116' title='bbox 372 1219 534 1275; x_wconf 86' lang='lat' dir='ltr'>existit,</span> <span class='ocrx_word' id='word_1_117' title='bbox 559 1228 610 1263; x_wconf 90' lang='lat' dir='ltr'>ut</span> <span class='ocrx_word' id='word_1_118' title='bbox 642 1234 805 1264; x_wconf 90' lang='lat' dir='ltr'>nomen</span> <span class='ocrx_word' id='word_1_119' title='bbox 827 1221 918 1280; x_wconf 76' lang='lat' dir='ltr'>ejus</span> <span class='ocrx_word' id='word_1_120' title='bbox 941 1218 1121 1264; x_wconf 87' lang='lat' dir='ltr'>fortasse</span> <span class='ocrx_word' id='word_1_121' title='bbox 1145 1235 1235 1263; x_wconf 94' lang='lat' dir='ltr'>non</span> <span class='ocrx_word' id='word_1_122' title='bbox 1260 1225 1479 1278; x_wconf 82' lang='lat' dir='ltr'>suppetat.</span> <span class='ocrx_word' id='word_1_123' title='bbox 1510 1214 1596 1261; x_wconf 85' lang='lat' dir='ltr'>Sed</span> 
     </span>
     <span class='ocr_line' id='line_1_16' title="bbox 196 1286 1594 1353; baseline -0.004 -17"><span class='ocrx_word' id='word_1_124' title='bbox 196 1292 291 1337; x_wconf 82' lang='lat' dir='ltr'>haee</span> <span class='ocrx_word' id='word_1_125' title='bbox 311 1292 508 1352; x_wconf 79' lang='lat' dir='ltr'>exempla</span> <span class='ocrx_word' id='word_1_126' title='bbox 526 1308 626 1353; x_wconf 84' lang='lat' dir='ltr'>quae</span> <span class='ocrx_word' id='word_1_127' title='bbox 646 1308 670 1336; x_wconf 83' lang='lat' dir='ltr'>a</span> <span class='ocrx_word' id='word_1_128' title='bbox 686 1292 809 1336; x_wconf 89' lang='lat' dir='ltr'>nobis</span> <span class='ocrx_word' id='word_1_129' title='bbox 830 1300 933 1335; x_wconf 87' lang='lat' dir='ltr'>sunt</span> <span class='ocrx_word' id='word_1_130' title='bbox 953 1291 1114 1351; x_wconf 85' lang='lat' dir='ltr'>posita,</span> <span class='ocrx_word' id='word_1_131' title='bbox 1132 1300 1175 1334; x_wconf 88' lang='lat' dir='ltr'>et</span> <span class='ocrx_word' id='word_1_132' title='bbox 1197 1304 1490 1350; x_wconf 82' lang='lat' dir='ltr'>quaecumque</span> <span class='ocrx_word' id='word_1_133' title='bbox 1513 1286 1594 1331; x_wconf 85' lang='lat' dir='ltr'>alia</span> 
     </span>
     <span class='ocr_line' id='line_1_17' title="bbox 196 1359 1591 1425; baseline -0.004 -16"><span class='ocrx_word' id='word_1_134' title='bbox 196 1364 302 1425; x_wconf 91' lang='lat' dir='ltr'>poni</span> <span class='ocrx_word' id='word_1_135' title='bbox 315 1373 513 1424; x_wconf 88' lang='lat' dir='ltr'>possunt,</span> <span class='ocrx_word' id='word_1_136' title='bbox 526 1379 779 1425; x_wconf 79' lang='lat' dir='ltr'>quanquam</span> <span class='ocrx_word' id='word_1_137' title='bbox 793 1379 842 1408; x_wconf 89' lang='lat' dir='ltr'>ea</span> <span class='ocrx_word' id='word_1_138' title='bbox 857 1372 901 1407; x_wconf 92' lang='lat' dir='ltr'>et</span> <span class='ocrx_word' id='word_1_139' title='bbox 912 1367 1044 1408; x_wconf 74' lang='lat' dir='ltr'>Poeta</span> <span class='ocrx_word' id='word_1_140' title='bbox 1057 1363 1102 1406; x_wconf 90' lang='lat' dir='ltr'>in</span> <span class='ocrx_word' id='word_1_141' title='bbox 1114 1361 1346 1406; x_wconf 83' lang='lat' dir='ltr'>efficiendo</span> <span class='ocrx_word' id='word_1_142' title='bbox 1359 1359 1591 1421; x_wconf 82' lang='lat' dir='ltr'>approbet,</span> 
     </span>
     <span class='ocr_line' id='line_1_18' title="bbox 198 1431 1598 1490; baseline -0.004 -10"><span class='ocrx_word' id='word_1_143' title='bbox 198 1446 242 1482; x_wconf 89' lang='lat' dir='ltr'>ct</span> <span class='ocrx_word' id='word_1_144' title='bbox 262 1437 307 1480; x_wconf 89' lang='lat' dir='ltr'>in</span> <span class='ocrx_word' id='word_1_145' title='bbox 330 1435 550 1480; x_wconf 86' lang='lat' dir='ltr'>audiendo</span> <span class='ocrx_word' id='word_1_146' title='bbox 584 1445 739 1480; x_wconf 87' lang='lat' dir='ltr'>natura</span> <span class='ocrx_word' id='word_1_147' title='bbox 769 1435 1039 1490; x_wconf 86' lang='lat' dir='ltr'>communis,</span> <span class='ocrx_word' id='word_1_148' title='bbox 1066 1444 1214 1478; x_wconf 88' lang='lat' dir='ltr'>tamen</span> <span class='ocrx_word' id='word_1_149' title='bbox 1242 1433 1324 1478; x_wconf 88' lang='lat' dir='ltr'>nisi</span> <span class='ocrx_word' id='word_1_150' title='bbox 1346 1448 1396 1477; x_wconf 85' lang='lat' dir='ltr'>ea</span> <span class='ocrx_word' id='word_1_151' title='bbox 1416 1431 1536 1476; x_wconf 86' lang='lat' dir='ltr'>docti</span> <span class='ocrx_word' id='word_1_152' title='bbox 1554 1439 1598 1475; x_wconf 84' lang='lat' dir='ltr'>et</span> 
     </span>
     <span class='ocr_line' id='line_1_19' title="bbox 197 1504 1595 1568; baseline -0.005 -15"><span class='ocrx_word' id='word_1_153' title='bbox 197 1507 418 1553; x_wconf 78' lang='lat' dir='ltr'>exercitati</span> <span class='ocrx_word' id='word_1_154' title='bbox 438 1506 630 1552; x_wconf 89' lang='lat' dir='ltr'>hominis</span> <span class='ocrx_word' id='word_1_155' title='bbox 652 1506 951 1568; x_wconf 86' lang='lat' dir='ltr'>pronuntiatio</span> <span class='ocrx_word' id='word_1_156' title='bbox 968 1505 1249 1550; x_wconf 83' lang='lat' dir='ltr'>commendet</span> <span class='ocrx_word' id='word_1_157' title='bbox 1269 1504 1448 1548; x_wconf 86' lang='lat' dir='ltr'>auribus</span> <span class='ocrx_word' id='word_1_158' title='bbox 1461 1539 1471 1559; x_wconf 93' lang='lat'>,</span> <span class='ocrx_word' id='word_1_159' title='bbox 1495 1518 1595 1547; x_wconf 90' lang='lat' dir='ltr'>sen-</span> 
     </span>
     <span class='ocr_line' id='line_1_20' title="bbox 198 1576 1591 1640; baseline -0.004 -15"><span class='ocrx_word' id='word_1_160' title='bbox 198 1595 358 1640; x_wconf 84' lang='lat' dir='ltr'>susque</span> <span class='ocrx_word' id='word_1_161' title='bbox 376 1578 652 1623; x_wconf 86' lang='lat' dir='ltr'>audientium</span> <span class='ocrx_word' id='word_1_162' title='bbox 674 1594 765 1624; x_wconf 92' lang='lat' dir='ltr'>non</span> <span class='ocrx_word' id='word_1_163' title='bbox 792 1578 846 1623; x_wconf 90' lang='lat' dir='ltr'>sit</span> <span class='ocrx_word' id='word_1_164' title='bbox 867 1577 1031 1622; x_wconf 86' lang='lat' dir='ltr'>tardior</span> <span class='ocrx_word' id='word_1_165' title='bbox 1052 1592 1185 1638; x_wconf 83' lang='lat' dir='ltr'>quain</span> <span class='ocrx_word' id='word_1_166' title='bbox 1206 1576 1456 1620; x_wconf 86' lang='lat' dir='ltr'>humanitas</span> <span class='ocrx_word' id='word_1_167' title='bbox 1489 1590 1591 1635; x_wconf 91' lang='lat' dir='ltr'>pos-</span> 
     </span>
     <span class='ocr_line' id='line_1_21' title="bbox 198 1645 1596 1710; baseline -0.004 -14"><span class='ocrx_word' id='word_1_168' title='bbox 198 1650 333 1705; x_wconf 84' lang='lat' dir='ltr'>tulat,</span> <span class='ocrx_word' id='word_1_169' title='bbox 350 1666 440 1695; x_wconf 91' lang='lat' dir='ltr'>non</span> <span class='ocrx_word' id='word_1_170' title='bbox 461 1658 645 1710; x_wconf 90' lang='lat' dir='ltr'>possunt</span> <span class='ocrx_word' id='word_1_171' title='bbox 673 1665 723 1694; x_wconf 92' lang='lat' dir='ltr'>ea</span> <span class='ocrx_word' id='word_1_172' title='bbox 739 1665 840 1710; x_wconf 86' lang='lat' dir='ltr'>quae</span> <span class='ocrx_word' id='word_1_173' title='bbox 858 1648 1138 1693; x_wconf 76' lang='lat' dir='ltr'>tractavimus</span> <span class='ocrx_word' id='word_1_174' title='bbox 1160 1663 1261 1693; x_wconf 87' lang='lat' dir='ltr'>vera</span> <span class='ocrx_word' id='word_1_175' title='bbox 1279 1646 1482 1708; x_wconf 84' lang='lat' dir='ltr'>judicari.</span> <span class='ocrx_word' id='word_1_176' title='bbox 1511 1645 1596 1691; x_wconf 90' lang='lat' dir='ltr'>Sed</span> 
     </span>
     <span class='ocr_line' id='line_1_22' title="bbox 199 1717 1598 1784; baseline -0.002 -18"><span class='ocrx_word' id='word_1_177' title='bbox 199 1723 473 1784; x_wconf 85' lang='lat' dir='ltr'>quiescamus</span> <span class='ocrx_word' id='word_1_178' title='bbox 497 1720 842 1782; x_wconf 83' lang='lat' dir='ltr'>aliquantulum,</span> <span class='ocrx_word' id='word_1_179' title='bbox 870 1729 912 1765; x_wconf 89' lang='lat' dir='ltr'>et</span> <span class='ocrx_word' id='word_1_180' title='bbox 943 1719 998 1765; x_wconf 87' lang='lat' dir='ltr'>de</span> <span class='ocrx_word' id='word_1_181' title='bbox 1026 1735 1154 1764; x_wconf 89' lang='lat' dir='ltr'>versu</span> <span class='ocrx_word' id='word_1_182' title='bbox 1175 1719 1378 1779; x_wconf 84' lang='lat' dir='ltr'>deinceps</span> <span class='ocrx_word' id='word_1_183' title='bbox 1415 1717 1598 1763; x_wconf 85' lang='lat' dir='ltr'>dissera-</span> 
     </span>
     <span class='ocr_line' id='line_1_23' title="bbox 200 1793 600 1839; baseline -0.008 0"><span class='ocrx_word' id='word_1_184' title='bbox 200 1810 313 1839; x_wconf 80' lang='lat' dir='ltr'>muS.</span> <span class='ocrx_word' id='word_1_185' title='bbox 340 1797 393 1839; x_wconf 87' lang='lat' dir='ltr'>D.</span> <span class='ocrx_word' id='word_1_186' title='bbox 421 1796 487 1838; x_wconf 84' lang='lat' dir='ltr'>Ita</span> <span class='ocrx_word' id='word_1_187' title='bbox 509 1793 600 1837; x_wconf 89' lang='lat' dir='ltr'>fiat.</span> 
     </span>
    </p>
   </div>
  </div>
 </body>
</html>
