<?xml version="1.0" encoding="UTF-8"?>
<!DOCTYPE html PUBLIC "-//W3C//DTD XHTML 1.0 Transitional//EN"
    "http://www.w3.org/TR/xhtml1/DTD/xhtml1-transitional.dtd">
<html xmlns="http://www.w3.org/1999/xhtml" xml:lang="en" lang="en">
 <head>
  <title>
</title>
<meta http-equiv="Content-Type" content="text/html;charset=utf-8" />
  <meta name='ocr-system' content='tesseract 3.04.00' />
  <meta name='ocr-capabilities' content='ocr_page ocr_carea ocr_par ocr_line ocrx_word'/>
</head>
<body>
  <div class='ocr_page' id='page_1' title='image "./operaomniaaccura01auguuoft_0547.png"; bbox 0 0 1888 3168; ppageno 0'>
   <div class='ocr_carea' id='block_1_1' title="bbox 675 180 1606 223">
    <p class='ocr_par' dir='ltr' id='par_1_1' title="bbox 675 180 1606 223">
     <span class='ocr_line' id='line_1_1' title="bbox 675 180 1606 223; baseline -0.004 -1"><span class='ocrx_word' id='word_1_1' title='bbox 675 193 799 223; x_wconf 64' lang='lat' dir='ltr'>mma</span> <span class='ocrx_word' id='word_1_2' title='bbox 829 192 884 221; x_wconf 68' lang='lat' dir='ltr'>nr„</span> <span class='ocrx_word' id='word_1_3' title='bbox 916 188 1147 220; x_wconf 71' lang='lat' dir='ltr'>MAc1sTRo.</span> <span class='ocrx_word' id='word_1_4' title='bbox 1524 180 1606 219; x_wconf 75' lang='lat'>537</span> 
     </span>
    </p>
   </div>
   <div class='ocr_carea' id='block_1_2' title="bbox 206 257 1612 2612">
    <p class='ocr_par' dir='ltr' id='par_1_2' title="bbox 220 257 1608 387">
     <span class='ocr_line' id='line_1_2' title="bbox 220 257 1608 319; baseline -0.001 -16"><span class='ocrx_word' id='word_1_5' title='bbox 220 259 277 305; x_wconf 80' lang='lat' dir='ltr'>ab</span> <span class='ocrx_word' id='word_1_6' title='bbox 306 261 511 319; x_wconf 85' lang='lat' dir='ltr'>auribus,</span> <span class='ocrx_word' id='word_1_7' title='bbox 542 262 626 307; x_wconf 87' lang='lat' dir='ltr'>hoc</span> <span class='ocrx_word' id='word_1_8' title='bbox 648 270 795 306; x_wconf 85' lang='lat' dir='ltr'>autem</span> <span class='ocrx_word' id='word_1_9' title='bbox 822 260 1064 305; x_wconf 85' lang='lat' dir='ltr'>secundum</span> <span class='ocrx_word' id='word_1_10' title='bbox 1094 258 1149 303; x_wconf 85' lang='lat' dir='ltr'>ab</span> <span class='ocrx_word' id='word_1_11' title='bbox 1179 257 1324 306; x_wconf 85' lang='lat' dir='ltr'>animo</span> <span class='ocrx_word' id='word_1_12' title='bbox 1345 258 1490 304; x_wconf 85' lang='lat' dir='ltr'>vocari</span> <span class='ocrx_word' id='word_1_13' title='bbox 1515 272 1608 303; x_wconf 83' lang='lat' dir='ltr'>me-</span> 
     </span>
     <span class='ocr_line' id='line_1_3' title="bbox 222 333 1059 387; baseline -0.001 -10"><span class='ocrx_word' id='word_1_14' title='bbox 222 333 384 378; x_wconf 75' lang='lat' dir='ltr'>ruerit?</span> <span class='ocrx_word' id='word_1_15' title='bbox 1052 375 1059 387; x_wconf 75' lang='grc'>,</span> 
     </span>
    </p>

    <p class='ocr_par' dir='ltr' id='par_1_3' title="bbox 206 403 1612 2463">
     <span class='ocr_line' id='line_1_4' title="bbox 279 403 1609 466; baseline -0.002 -15"><span class='ocrx_word' id='word_1_16' title='bbox 279 408 407 453; x_wconf 90' lang='lat' dir='ltr'><strong>XIII.</strong></span> <span class='ocrx_word' id='word_1_17' title='bbox 443 407 526 452; x_wconf 81' lang='lat' dir='ltr'>An.</span> <span class='ocrx_word' id='word_1_18' title='bbox 552 406 802 454; x_wconf 84' lang='lat' dir='ltr'>Concedam</span> <span class='ocrx_word' id='word_1_19' title='bbox 824 420 925 450; x_wconf 90' lang='lat' dir='ltr'>cum</span> <span class='ocrx_word' id='word_1_20' title='bbox 949 403 1187 451; x_wconf 88' lang='lat' dir='ltr'>ostenderis</span> <span class='ocrx_word' id='word_1_21' title='bbox 1203 439 1214 461; x_wconf 93' lang='lat'>,</span> <span class='ocrx_word' id='word_1_22' title='bbox 1245 404 1469 466; x_wconf 91' lang='lat' dir='ltr'>quomodo</span> <span class='ocrx_word' id='word_1_23' title='bbox 1491 413 1609 450; x_wconf 89' lang='lat' dir='ltr'>recte</span> 
     </span>
     <span class='ocr_line' id='line_1_5' title="bbox 221 476 1606 539; baseline -0.001 -16"><span class='ocrx_word' id='word_1_24' title='bbox 221 479 433 539; x_wconf 88' lang='lat' dir='ltr'>possimus</span> <span class='ocrx_word' id='word_1_25' title='bbox 457 478 603 523; x_wconf 85' lang='lat' dir='ltr'>omnia</span> <span class='ocrx_word' id='word_1_26' title='bbox 622 478 756 524; x_wconf 85' lang='lat' dir='ltr'>verba</span> <span class='ocrx_word' id='word_1_27' title='bbox 784 477 962 523; x_wconf 86' lang='lat' dir='ltr'>nomina</span> <span class='ocrx_word' id='word_1_28' title='bbox 993 476 1151 521; x_wconf 87' lang='lat' dir='ltr'>dicere.</span> <span class='ocrx_word' id='word_1_29' title='bbox 1177 479 1291 521; x_wconf 73' lang='lat' dir='ltr'>Am.</span> <span class='ocrx_word' id='word_1_30' title='bbox 1326 476 1473 521; x_wconf 84' lang='lat' dir='ltr'>Facile</span> <span class='ocrx_word' id='word_1_31' title='bbox 1505 485 1569 521; x_wconf 90' lang='lat' dir='ltr'>est</span> <span class='ocrx_word' id='word_1_32' title='bbox 1597 496 1606 522; x_wconf 75' lang='grc' dir='ltr'><strong>ι</strong></span> 
     </span>
     <span class='ocr_line' id='line_1_6' title="bbox 219 546 1610 610; baseline -0.002 -16"><span class='ocrx_word' id='word_1_33' title='bbox 219 564 323 595; x_wconf 89' lang='lat' dir='ltr'>nam</span> <span class='ocrx_word' id='word_1_34' title='bbox 345 548 476 595; x_wconf 88' lang='lat' dir='ltr'>credo</span> <span class='ocrx_word' id='word_1_35' title='bbox 494 559 536 594; x_wconf 83' lang='lat' dir='ltr'>te</span> <span class='ocrx_word' id='word_1_36' title='bbox 559 550 772 610; x_wconf 83' lang='lat' dir='ltr'>accepisse</span> <span class='ocrx_word' id='word_1_37' title='bbox 788 565 837 595; x_wconf 85' lang='lat' dir='ltr'>ac</span> <span class='ocrx_word' id='word_1_38' title='bbox 854 559 1002 595; x_wconf 84' lang='lat' dir='ltr'>tenere</span> <span class='ocrx_word' id='word_1_39' title='bbox 1023 563 1267 609; x_wconf 86' lang='lat' dir='ltr'>pronomen</span> <span class='ocrx_word' id='word_1_40' title='bbox 1288 546 1470 602; x_wconf 87' lang='lat' dir='ltr'>dictum,</span> <span class='ocrx_word' id='word_1_41' title='bbox 1489 548 1610 608; x_wconf 89' lang='lat' dir='ltr'>quod</span> 
     </span>
     <span class='ocr_line' id='line_1_7' title="bbox 219 619 1612 682; baseline -0.001 -16"><span class='ocrx_word' id='word_1_42' title='bbox 219 637 300 682; x_wconf 85' lang='lat' dir='ltr'>pro</span> <span class='ocrx_word' id='word_1_43' title='bbox 330 622 423 682; x_wconf 86' lang='lat' dir='ltr'>ipso</span> <span class='ocrx_word' id='word_1_44' title='bbox 453 622 630 667; x_wconf 89' lang='lat' dir='ltr'>nomine</span> <span class='ocrx_word' id='word_1_45' title='bbox 660 621 830 677; x_wconf 82' lang='lat' dir='ltr'>valeat,</span> <span class='ocrx_word' id='word_1_46' title='bbox 870 637 961 666; x_wconf 90' lang='lat' dir='ltr'>rem</span> <span class='ocrx_word' id='word_1_47' title='bbox 978 630 1126 665; x_wconf 82' lang='lat' dir='ltr'>tamen</span> <span class='ocrx_word' id='word_1_48' title='bbox 1143 629 1266 665; x_wconf 89' lang='lat' dir='ltr'>notet</span> <span class='ocrx_word' id='word_1_49' title='bbox 1298 620 1443 664; x_wconf 85' lang='lat' dir='ltr'>minus</span> <span class='ocrx_word' id='word_1_50' title='bbox 1481 619 1612 679; x_wconf 88' lang='lat' dir='ltr'>plena</span> 
     </span>
     <span class='ocr_line' id='line_1_8' title="bbox 218 689 1611 755; baseline -0.002 -19"><span class='ocrx_word' id='word_1_51' title='bbox 218 692 535 753; x_wconf 85' lang='lat' dir='ltr'>significatione</span> <span class='ocrx_word' id='word_1_52' title='bbox 557 709 689 755; x_wconf 83' lang='lat' dir='ltr'>quam</span> <span class='ocrx_word' id='word_1_53' title='bbox 707 708 883 738; x_wconf 92' lang='lat' dir='ltr'>nomen.</span> <span class='ocrx_word' id='word_1_54' title='bbox 903 695 1029 747; x_wconf 85' lang='lat' dir='ltr'>Nam,</span> <span class='ocrx_word' id='word_1_55' title='bbox 1049 701 1100 737; x_wconf 90' lang='lat' dir='ltr'>ut</span> <span class='ocrx_word' id='word_1_56' title='bbox 1121 691 1292 752; x_wconf 79' lang='lat' dir='ltr'>opinor,</span> <span class='ocrx_word' id='word_1_57' title='bbox 1318 689 1517 735; x_wconf 87' lang='lat' dir='ltr'>definivit</span> <span class='ocrx_word' id='word_1_58' title='bbox 1537 689 1611 734; x_wconf 89' lang='lat' dir='ltr'>ille</span> 
     </span>
     <span class='ocr_line' id='line_1_9' title="bbox 217 763 1611 827; baseline -0.003 -18"><span class='ocrx_word' id='word_1_59' title='bbox 217 763 277 809; x_wconf 84' lang='lat' dir='ltr'>ita</span> <span class='ocrx_word' id='word_1_60' title='bbox 294 800 305 821; x_wconf 92' lang='lat'>,</span> <span class='ocrx_word' id='word_1_61' title='bbox 338 781 472 827; x_wconf 89' lang='lat' dir='ltr'>quem</span> <span class='ocrx_word' id='word_1_62' title='bbox 517 765 797 825; x_wconf 84' lang='lat' dir='ltr'>grammatico</span> <span class='ocrx_word' id='word_1_63' title='bbox 832 763 1062 810; x_wconf 81' lang='lat' dir='ltr'>reddidisti</span> <span class='ocrx_word' id='word_1_64' title='bbox 1094 784 1102 809; x_wconf 90' lang='lat'>:</span> <span class='ocrx_word' id='word_1_65' title='bbox 1138 767 1388 809; x_wconf 89' lang='lat' dir='ltr'>Pronomen</span> <span class='ocrx_word' id='word_1_66' title='bbox 1423 771 1486 806; x_wconf 83' lang='lat' dir='ltr'>est</span> <span class='ocrx_word' id='word_1_67' title='bbox 1514 777 1611 822; x_wconf 86' lang='lat' dir='ltr'>pars</span> 
     </span>
     <span class='ocr_line' id='line_1_10' title="bbox 217 832 1611 899; baseline -0.004 -17"><span class='ocrx_word' id='word_1_68' title='bbox 217 836 450 894; x_wconf 85' lang='lat' dir='ltr'>orationis,</span> <span class='ocrx_word' id='word_1_69' title='bbox 475 853 576 899; x_wconf 87' lang='lat' dir='ltr'>quae</span> <span class='ocrx_word' id='word_1_70' title='bbox 605 852 686 898; x_wconf 88' lang='lat' dir='ltr'>pro</span> <span class='ocrx_word' id='word_1_71' title='bbox 718 838 812 898; x_wconf 89' lang='lat' dir='ltr'>ipso</span> <span class='ocrx_word' id='word_1_72' title='bbox 844 836 983 897; x_wconf 85' lang='lat' dir='ltr'>posita</span> <span class='ocrx_word' id='word_1_73' title='bbox 1013 835 1218 891; x_wconf 88' lang='lat' dir='ltr'>nomine,</span> <span class='ocrx_word' id='word_1_74' title='bbox 1253 834 1400 878; x_wconf 90' lang='lat' dir='ltr'>minus</span> <span class='ocrx_word' id='word_1_75' title='bbox 1430 832 1611 894; x_wconf 87' lang='lat' dir='ltr'>quidem</span> 
     </span>
     <span class='ocr_line' id='line_1_11' title="bbox 216 904 1607 968; baseline -0.004 -15"><span class='ocrx_word' id='word_1_76' title='bbox 216 907 373 968; x_wconf 83' lang='lat' dir='ltr'><strong>plene,</strong></span> <span class='ocrx_word' id='word_1_77' title='bbox 404 907 522 953; x_wconf 89' lang='lat' dir='ltr'>idem</span> <span class='ocrx_word' id='word_1_78' title='bbox 556 917 705 953; x_wconf 86' lang='lat' dir='ltr'>tamen</span> <span class='ocrx_word' id='word_1_79' title='bbox 738 908 967 968; x_wconf 82' lang='lat' dir='ltr'>significat.</span> <span class='ocrx_word' id='word_1_80' title='bbox 1000 910 1081 953; x_wconf 74' lang='lat' dir='ltr'>AD.</span> <span class='ocrx_word' id='word_1_81' title='bbox 1120 904 1344 952; x_wconf 86' lang='lat' dir='ltr'>Recordor</span> <span class='ocrx_word' id='word_1_82' title='bbox 1376 913 1420 949; x_wconf 86' lang='lat' dir='ltr'>et</span> <span class='ocrx_word' id='word_1_83' title='bbox 1451 904 1607 965; x_wconf 87' lang='lat' dir='ltr'>probo.</span> 
     </span>
     <span class='ocr_line' id='line_1_12' title="bbox 215 974 1612 1039; baseline -0.004 -15"><span class='ocrx_word' id='word_1_84' title='bbox 215 982 330 1025; x_wconf 70' lang='lat' dir='ltr'>Aue.</span> <span class='ocrx_word' id='word_1_85' title='bbox 356 979 488 1025; x_wconf 88' lang='lat' dir='ltr'>Vides</span> <span class='ocrx_word' id='word_1_86' title='bbox 509 979 640 1039; x_wconf 83' lang='lat' dir='ltr'>igitur</span> <span class='ocrx_word' id='word_1_87' title='bbox 662 979 905 1025; x_wconf 89' lang='lat' dir='ltr'>secundum</span> <span class='ocrx_word' id='word_1_88' title='bbox 926 979 1040 1024; x_wconf 84' lang='lat' dir='ltr'>hanc</span> <span class='ocrx_word' id='word_1_89' title='bbox 1061 977 1361 1024; x_wconf 86' lang='lat' dir='ltr'>definitionem</span> <span class='ocrx_word' id='word_1_90' title='bbox 1377 974 1509 1021; x_wconf 91' lang='lat' dir='ltr'>nullis</span> <span class='ocrx_word' id='word_1_91' title='bbox 1530 975 1612 1020; x_wconf 89' lang='lat' dir='ltr'>nisi</span> 
     </span>
     <span class='ocr_line' id='line_1_13' title="bbox 215 1046 1607 1111; baseline -0.003 -17"><span class='ocrx_word' id='word_1_92' title='bbox 215 1050 468 1096; x_wconf 84' lang='lat' dir='ltr'>nominibus</span> <span class='ocrx_word' id='word_1_93' title='bbox 491 1051 667 1107; x_wconf 88' lang='lat' dir='ltr'>servire,</span> <span class='ocrx_word' id='word_1_94' title='bbox 693 1060 737 1096; x_wconf 88' lang='lat' dir='ltr'>et</span> <span class='ocrx_word' id='word_1_95' title='bbox 751 1066 832 1111; x_wconf 90' lang='lat' dir='ltr'>pro</span> <span class='ocrx_word' id='word_1_96' title='bbox 853 1049 921 1095; x_wconf 88' lang='lat' dir='ltr'>his</span> <span class='ocrx_word' id='word_1_97' title='bbox 944 1049 1044 1095; x_wconf 90' lang='lat' dir='ltr'>solis</span> <span class='ocrx_word' id='word_1_98' title='bbox 1063 1049 1168 1110; x_wconf 90' lang='lat' dir='ltr'>poni</span> <span class='ocrx_word' id='word_1_99' title='bbox 1181 1063 1306 1109; x_wconf 87' lang='lat' dir='ltr'>posse</span> <span class='ocrx_word' id='word_1_100' title='bbox 1327 1046 1607 1108; x_wconf 80' lang='lat' dir='ltr'>pronomina,</span> 
     </span>
     <span class='ocr_line' id='line_1_14' title="bbox 214 1118 1611 1183; baseline -0.002 -18"><span class='ocrx_word' id='word_1_101' title='bbox 214 1120 336 1166; x_wconf 90' lang='lat' dir='ltr'>velut</span> <span class='ocrx_word' id='word_1_102' title='bbox 358 1138 461 1167; x_wconf 90' lang='lat' dir='ltr'>cum</span> <span class='ocrx_word' id='word_1_103' title='bbox 489 1122 674 1169; x_wconf 83' lang='lat' dir='ltr'>dicimus</span> <span class='ocrx_word' id='word_1_104' title='bbox 693 1142 702 1169; x_wconf 88' lang='lat'>:</span> <span class='ocrx_word' id='word_1_105' title='bbox 726 1122 798 1168; x_wconf 90' lang='lat' dir='ltr'>hic</span> <span class='ocrx_word' id='word_1_106' title='bbox 816 1122 897 1178; x_wconf 87' lang='lat' dir='ltr'>vir,</span> <span class='ocrx_word' id='word_1_107' title='bbox 922 1122 1015 1183; x_wconf 86' lang='lat' dir='ltr'>ipse</span> <span class='ocrx_word' id='word_1_108' title='bbox 1032 1136 1107 1165; x_wconf 87' lang='lat' dir='ltr'>rex</span> <span class='ocrx_word' id='word_1_109' title='bbox 1123 1156 1133 1176; x_wconf 88' lang='lat'>,</span> <span class='ocrx_word' id='word_1_110' title='bbox 1155 1118 1310 1164; x_wconf 86' lang='lat' dir='ltr'>eadem</span> <span class='ocrx_word' id='word_1_111' title='bbox 1331 1118 1505 1174; x_wconf 82' lang='lat' dir='ltr'>mulier,</span> <span class='ocrx_word' id='word_1_112' title='bbox 1525 1119 1611 1162; x_wconf 89' lang='lat' dir='ltr'>hoc</span> 
     </span>
     <span class='ocr_line' id='line_1_15' title="bbox 214 1189 1608 1255; baseline -0.003 -16"><span class='ocrx_word' id='word_1_113' title='bbox 214 1210 394 1250; x_wconf 88' lang='lat' dir='ltr'>aurum,</span> <span class='ocrx_word' id='word_1_114' title='bbox 424 1193 538 1240; x_wconf 83' lang='lat' dir='ltr'>illud</span> <span class='ocrx_word' id='word_1_115' title='bbox 558 1204 814 1255; x_wconf 83' lang='lat' dir='ltr'>argentum:</span> <span class='ocrx_word' id='word_1_116' title='bbox 844 1194 937 1250; x_wconf 88' lang='lat' dir='ltr'>hic,</span> <span class='ocrx_word' id='word_1_117' title='bbox 974 1194 1065 1254; x_wconf 91' lang='lat' dir='ltr'>ipse</span> <span class='ocrx_word' id='word_1_118' title='bbox 1081 1228 1093 1249; x_wconf 88' lang='lat'>,</span> <span class='ocrx_word' id='word_1_119' title='bbox 1119 1191 1296 1248; x_wconf 87' lang='lat' dir='ltr'>eadem,</span> <span class='ocrx_word' id='word_1_120' title='bbox 1322 1192 1406 1237; x_wconf 92' lang='lat' dir='ltr'>hoc</span> <span class='ocrx_word' id='word_1_121' title='bbox 1422 1226 1433 1247; x_wconf 96' lang='lat'>,</span> <span class='ocrx_word' id='word_1_122' title='bbox 1470 1189 1582 1235; x_wconf 89' lang='lat' dir='ltr'>illud</span> <span class='ocrx_word' id='word_1_123' title='bbox 1597 1225 1608 1245; x_wconf 87' lang='lat'>,</span> 
     </span>
     <span class='ocr_line' id='line_1_16' title="bbox 213 1263 1607 1327; baseline -0.004 -17"><span class='ocrx_word' id='word_1_124' title='bbox 213 1266 475 1327; x_wconf 85' lang='lat' dir='ltr'>pronomina</span> <span class='ocrx_word' id='word_1_125' title='bbox 507 1282 621 1325; x_wconf 65' lang='lat' dir='ltr'>esse,</span> <span class='ocrx_word' id='word_1_126' title='bbox 651 1266 738 1322; x_wconf 90' lang='lat' dir='ltr'>vir,</span> <span class='ocrx_word' id='word_1_127' title='bbox 777 1281 876 1321; x_wconf 84' lang='lat' dir='ltr'>rex,</span> <span class='ocrx_word' id='word_1_128' title='bbox 911 1263 1097 1319; x_wconf 88' lang='lat' dir='ltr'>mulier,</span> <span class='ocrx_word' id='word_1_129' title='bbox 1128 1279 1312 1319; x_wconf 82' lang='lat' dir='ltr'>aurum,</span> <span class='ocrx_word' id='word_1_130' title='bbox 1349 1270 1607 1322; x_wconf 83' lang='lat' dir='ltr'>argentum,</span> 
     </span>
     <span class='ocr_line' id='line_1_17' title="bbox 213 1333 1610 1399; baseline -0.004 -18"><span class='ocrx_word' id='word_1_131' title='bbox 213 1337 409 1394; x_wconf 85' lang='lat' dir='ltr'>nomina,</span> <span class='ocrx_word' id='word_1_132' title='bbox 435 1338 598 1399; x_wconf 87' lang='lat' dir='ltr'>quibus</span> <span class='ocrx_word' id='word_1_133' title='bbox 610 1337 782 1398; x_wconf 78' lang='lat' dir='ltr'>plenius</span> <span class='ocrx_word' id='word_1_134' title='bbox 796 1351 930 1398; x_wconf 86' lang='lat' dir='ltr'>quam</span> <span class='ocrx_word' id='word_1_135' title='bbox 946 1335 1030 1381; x_wconf 88' lang='lat' dir='ltr'>illis</span> <span class='ocrx_word' id='word_1_136' title='bbox 1047 1334 1383 1396; x_wconf 86' lang='lat' dir='ltr'>pronominibus</span> <span class='ocrx_word' id='word_1_137' title='bbox 1397 1349 1462 1378; x_wconf 89' lang='lat' dir='ltr'>res</span> <span class='ocrx_word' id='word_1_138' title='bbox 1475 1333 1610 1391; x_wconf 83' lang='lat' dir='ltr'>signi-</span> 
     </span>
     <span class='ocr_line' id='line_1_18' title="bbox 214 1408 1610 1463; baseline -0.004 -11"><span class='ocrx_word' id='word_1_139' title='bbox 214 1410 356 1454; x_wconf 85' lang='lat' dir='ltr'>ficatae</span> <span class='ocrx_word' id='word_1_140' title='bbox 380 1417 498 1453; x_wconf 84' lang='lat' dir='ltr'>sunt.</span> <span class='ocrx_word' id='word_1_141' title='bbox 526 1412 618 1462; x_wconf 64' lang='lat' dir='ltr'>AD„</span> <span class='ocrx_word' id='word_1_142' title='bbox 634 1408 777 1453; x_wconf 88' lang='lat' dir='ltr'>Video</span> <span class='ocrx_word' id='word_1_143' title='bbox 800 1417 844 1453; x_wconf 89' lang='lat' dir='ltr'>et</span> <span class='ocrx_word' id='word_1_144' title='bbox 867 1408 1090 1452; x_wconf 86' lang='lat' dir='ltr'>assentior.</span> <span class='ocrx_word' id='word_1_145' title='bbox 1123 1411 1238 1452; x_wconf 70' lang='lat' dir='ltr'>Aue.</span> <span class='ocrx_word' id='word_1_146' title='bbox 1267 1409 1334 1450; x_wconf 90' lang='lat' dir='ltr'>Tu</span> <span class='ocrx_word' id='word_1_147' title='bbox 1356 1420 1458 1463; x_wconf 84' lang='lat' dir='ltr'>ergo</span> <span class='ocrx_word' id='word_1_148' title='bbox 1490 1419 1610 1448; x_wconf 89' lang='lat' dir='ltr'>nunc</span> 
     </span>
     <span class='ocr_line' id='line_1_19' title="bbox 210 1477 1605 1541; baseline -0.003 -17"><span class='ocrx_word' id='word_1_149' title='bbox 210 1479 321 1524; x_wconf 90' lang='lat' dir='ltr'>mihi</span> <span class='ocrx_word' id='word_1_150' title='bbox 332 1494 491 1540; x_wconf 87' lang='lat' dir='ltr'>paucas</span> <span class='ocrx_word' id='word_1_151' title='bbox 508 1480 840 1541; x_wconf 85' lang='lat' dir='ltr'>conjunctiones</span> <span class='ocrx_word' id='word_1_152' title='bbox 853 1478 1073 1540; x_wconf 83' lang='lat' dir='ltr'>quaslibet</span> <span class='ocrx_word' id='word_1_153' title='bbox 1091 1477 1286 1521; x_wconf 79' lang='lat' dir='ltr'>enuntia.</span> <span class='ocrx_word' id='word_1_154' title='bbox 1308 1479 1391 1521; x_wconf 82' lang='lat' dir='ltr'>An.</span> <span class='ocrx_word' id='word_1_155' title='bbox 1407 1479 1485 1532; x_wconf 89' lang='lat' dir='ltr'>Et,</span> <span class='ocrx_word' id='word_1_156' title='bbox 1502 1491 1605 1537; x_wconf 86' lang='lat' dir='ltr'>que,</span> 
     </span>
     <span class='ocr_line' id='line_1_20' title="bbox 212 1546 1608 1611; baseline -0.004 -15"><span class='ocrx_word' id='word_1_157' title='bbox 212 1560 273 1607; x_wconf 78' lang='lat' dir='ltr'>at,</span> <span class='ocrx_word' id='word_1_158' title='bbox 297 1560 443 1611; x_wconf 85' lang='lat' dir='ltr'>atque.</span> <span class='ocrx_word' id='word_1_159' title='bbox 470 1553 584 1595; x_wconf 71' lang='lat' dir='ltr'>Am.</span> <span class='ocrx_word' id='word_1_160' title='bbox 611 1552 716 1594; x_wconf 84' lang='lat' dir='ltr'>Haec</span> <span class='ocrx_word' id='word_1_161' title='bbox 734 1550 879 1594; x_wconf 90' lang='lat' dir='ltr'>omnia</span> <span class='ocrx_word' id='word_1_162' title='bbox 897 1564 999 1609; x_wconf 82' lang='lat' dir='ltr'>quae</span> <span class='ocrx_word' id='word_1_163' title='bbox 1020 1547 1178 1603; x_wconf 79' lang='lat' dir='ltr'>dixisti,</span> <span class='ocrx_word' id='word_1_164' title='bbox 1195 1562 1341 1592; x_wconf 88' lang='lat' dir='ltr'>nonne</span> <span class='ocrx_word' id='word_1_165' title='bbox 1354 1547 1436 1591; x_wconf 87' lang='lat' dir='ltr'>tibi</span> <span class='ocrx_word' id='word_1_166' title='bbox 1457 1546 1608 1592; x_wconf 86' lang='lat' dir='ltr'>viden-</span> 
     </span>
     <span class='ocr_line' id='line_1_21' title="bbox 207 1617 1608 1677; baseline -0.003 -11"><span class='ocrx_word' id='word_1_167' title='bbox 207 1631 280 1667; x_wconf 83' lang='lat' dir='ltr'>tur</span> <span class='ocrx_word' id='word_1_168' title='bbox 304 1636 395 1666; x_wconf 86' lang='lat' dir='ltr'>esse</span> <span class='ocrx_word' id='word_1_169' title='bbox 416 1621 625 1666; x_wconf 79' lang='lat' dir='ltr'>nomina?</span> <span class='ocrx_word' id='word_1_170' title='bbox 642 1623 724 1665; x_wconf 82' lang='lat' dir='ltr'>AD.</span> <span class='ocrx_word' id='word_1_171' title='bbox 751 1621 850 1665; x_wconf 93' lang='lat' dir='ltr'>Non</span> <span class='ocrx_word' id='word_1_172' title='bbox 868 1619 1063 1663; x_wconf 88' lang='lat' dir='ltr'>omnino.</span> <span class='ocrx_word' id='word_1_173' title='bbox 1089 1620 1203 1662; x_wconf 74' lang='lat' dir='ltr'>Am.</span> <span class='ocrx_word' id='word_1_174' title='bbox 1220 1620 1315 1677; x_wconf 85' lang='lat' dir='ltr'>Ego</span> <span class='ocrx_word' id='word_1_175' title='bbox 1337 1617 1490 1663; x_wconf 84' lang='lat' dir='ltr'>saltem</span> <span class='ocrx_word' id='word_1_176' title='bbox 1526 1617 1608 1662; x_wconf 78' lang='lat' dir='ltr'>tibi</span> 
     </span>
     <span class='ocr_line' id='line_1_22' title="bbox 207 1689 1607 1751; baseline -0.004 -11"><span class='ocrx_word' id='word_1_177' title='bbox 207 1704 325 1740; x_wconf 89' lang='lat' dir='ltr'>recte</span> <span class='ocrx_word' id='word_1_178' title='bbox 363 1694 538 1739; x_wconf 84' lang='lat' dir='ltr'>locutus</span> <span class='ocrx_word' id='word_1_179' title='bbox 574 1691 725 1738; x_wconf 88' lang='lat' dir='ltr'>videor</span> <span class='ocrx_word' id='word_1_180' title='bbox 744 1727 755 1748; x_wconf 86' lang='lat'>,</span> <span class='ocrx_word' id='word_1_181' title='bbox 792 1706 894 1736; x_wconf 89' lang='lat' dir='ltr'>cum</span> <span class='ocrx_word' id='word_1_182' title='bbox 928 1689 1145 1747; x_wconf 81' lang='lat' dir='ltr'>dicerem,</span> <span class='ocrx_word' id='word_1_183' title='bbox 1190 1693 1295 1735; x_wconf 85' lang='lat' dir='ltr'>Haec</span> <span class='ocrx_word' id='word_1_184' title='bbox 1327 1690 1474 1735; x_wconf 85' lang='lat' dir='ltr'>omnia</span> <span class='ocrx_word' id='word_1_185' title='bbox 1507 1707 1607 1751; x_wconf 86' lang='lat' dir='ltr'>quae</span> 
     </span>
     <span class='ocr_line' id='line_1_23' title="bbox 207 1761 1607 1823; baseline -0.004 -12"><span class='ocrx_word' id='word_1_186' title='bbox 207 1765 378 1811; x_wconf 79' lang='lat' dir='ltr'>dixisti?</span> <span class='ocrx_word' id='word_1_187' title='bbox 398 1768 481 1810; x_wconf 83' lang='lat' dir='ltr'>AD.</span> <span class='ocrx_word' id='word_1_188' title='bbox 503 1767 640 1809; x_wconf 81' lang='lat' dir='ltr'>Recte</span> <span class='ocrx_word' id='word_1_189' title='bbox 660 1777 859 1823; x_wconf 80' lang='lat' dir='ltr'>prorsus;</span> <span class='ocrx_word' id='word_1_190' title='bbox 883 1771 926 1806; x_wconf 85' lang='lat' dir='ltr'>et</span> <span class='ocrx_word' id='word_1_191' title='bbox 943 1764 1036 1822; x_wconf 75' lang='lat' dir='ltr'>Jam</span> <span class='ocrx_word' id='word_1_192' title='bbox 1058 1761 1257 1820; x_wconf 83' lang='lat' dir='ltr'>intelligo</span> <span class='ocrx_word' id='word_1_193' title='bbox 1277 1777 1413 1823; x_wconf 85' lang='lat' dir='ltr'>quam</span> <span class='ocrx_word' id='word_1_194' title='bbox 1429 1761 1607 1806; x_wconf 85' lang='lat' dir='ltr'>mirabi-</span> 
     </span>
     <span class='ocr_line' id='line_1_24' title="bbox 206 1834 1606 1883; baseline -0.003 0"><span class='ocrx_word' id='word_1_195' title='bbox 206 1838 308 1883; x_wconf 85' lang='lat' dir='ltr'>liter</span> <span class='ocrx_word' id='word_1_196' title='bbox 320 1835 559 1883; x_wconf 88' lang='lat' dir='ltr'>ostenderis</span> <span class='ocrx_word' id='word_1_197' title='bbox 581 1850 652 1879; x_wconf 89' lang='lat' dir='ltr'>me</span> <span class='ocrx_word' id='word_1_198' title='bbox 673 1834 852 1880; x_wconf 83' lang='lat' dir='ltr'>nomina</span> <span class='ocrx_word' id='word_1_199' title='bbox 874 1834 1121 1879; x_wconf 83' lang='lat' dir='ltr'>enuntiasse</span> <span class='ocrx_word' id='word_1_200' title='bbox 1137 1853 1146 1880; x_wconf 92' lang='lat'>:</span> <span class='ocrx_word' id='word_1_201' title='bbox 1161 1850 1253 1879; x_wconf 92' lang='lat' dir='ltr'>non</span> <span class='ocrx_word' id='word_1_202' title='bbox 1275 1834 1392 1878; x_wconf 87' lang='lat' dir='ltr'>enim</span> <span class='ocrx_word' id='word_1_203' title='bbox 1411 1834 1536 1878; x_wconf 81' lang='lat' dir='ltr'>aliter</span> <span class='ocrx_word' id='word_1_204' title='bbox 1550 1834 1606 1879; x_wconf 89' lang='lat' dir='ltr'>de</span> 
     </span>
     <span class='ocr_line' id='line_1_25' title="bbox 206 1904 1606 1969; baseline -0.004 -15"><span class='ocrx_word' id='word_1_205' title='bbox 206 1910 274 1954; x_wconf 88' lang='lat' dir='ltr'>his</span> <span class='ocrx_word' id='word_1_206' title='bbox 296 1918 413 1954; x_wconf 87' lang='lat' dir='ltr'>recte</span> <span class='ocrx_word' id='word_1_207' title='bbox 430 1907 517 1953; x_wconf 89' lang='lat' dir='ltr'>dici</span> <span class='ocrx_word' id='word_1_208' title='bbox 533 1907 769 1969; x_wconf 86' lang='lat' dir='ltr'>potuisset,</span> <span class='ocrx_word' id='word_1_209' title='bbox 793 1908 898 1951; x_wconf 83' lang='lat' dir='ltr'>Haec</span> <span class='ocrx_word' id='word_1_210' title='bbox 916 1905 1077 1951; x_wconf 83' lang='lat' dir='ltr'>omnia.</span> <span class='ocrx_word' id='word_1_211' title='bbox 1110 1904 1195 1950; x_wconf 90' lang='lat' dir='ltr'>Sed</span> <span class='ocrx_word' id='word_1_212' title='bbox 1217 1904 1335 1949; x_wconf 89' lang='lat' dir='ltr'>enim</span> <span class='ocrx_word' id='word_1_213' title='bbox 1350 1919 1504 1950; x_wconf 85' lang='lat' dir='ltr'>vereor</span> <span class='ocrx_word' id='word_1_214' title='bbox 1526 1904 1606 1949; x_wconf 84' lang='lat' dir='ltr'>ad-</span> 
     </span>
     <span class='ocr_line' id='line_1_26' title="bbox 206 1975 1606 2041; baseline -0.004 -15"><span class='ocrx_word' id='word_1_215' title='bbox 206 1981 321 2037; x_wconf 88' lang='lat' dir='ltr'>huc,</span> <span class='ocrx_word' id='word_1_216' title='bbox 347 1996 403 2025; x_wconf 90' lang='lat' dir='ltr'>ne</span> <span class='ocrx_word' id='word_1_217' title='bbox 425 1988 659 2041; x_wconf 84' lang='lat' dir='ltr'>propterea</span> <span class='ocrx_word' id='word_1_218' title='bbox 684 1978 793 2022; x_wconf 91' lang='lat' dir='ltr'>mihi</span> <span class='ocrx_word' id='word_1_219' title='bbox 813 1987 930 2023; x_wconf 88' lang='lat' dir='ltr'>recte</span> <span class='ocrx_word' id='word_1_220' title='bbox 951 1977 1126 2022; x_wconf 85' lang='lat' dir='ltr'>locutus</span> <span class='ocrx_word' id='word_1_221' title='bbox 1146 1975 1332 2021; x_wconf 82' lang='lat' dir='ltr'>videaris</span> <span class='ocrx_word' id='word_1_222' title='bbox 1346 2012 1357 2033; x_wconf 85' lang='lat'>‚</span> <span class='ocrx_word' id='word_1_223' title='bbox 1383 1975 1506 2038; x_wconf 89' lang='lat' dir='ltr'>quod</span> <span class='ocrx_word' id='word_1_224' title='bbox 1528 1977 1606 2021; x_wconf 83' lang='lat' dir='ltr'>has</span> 
     </span>
     <span class='ocr_line' id='line_1_27' title="bbox 208 2048 1606 2113; baseline -0.002 -16"><span class='ocrx_word' id='word_1_225' title='bbox 208 2062 400 2113; x_wconf 86' lang='lat' dir='ltr'>quatuor</span> <span class='ocrx_word' id='word_1_226' title='bbox 433 2050 769 2112; x_wconf 83' lang='lat' dir='ltr'>conjunctiones</span> <span class='ocrx_word' id='word_1_227' title='bbox 802 2049 933 2094; x_wconf 86' lang='lat' dir='ltr'>etiam</span> <span class='ocrx_word' id='word_1_228' title='bbox 965 2048 1097 2094; x_wconf 84' lang='lat' dir='ltr'>verba</span> <span class='ocrx_word' id='word_1_229' title='bbox 1134 2063 1224 2092; x_wconf 88' lang='lat' dir='ltr'>esse</span> <span class='ocrx_word' id='word_1_230' title='bbox 1255 2063 1346 2093; x_wconf 89' lang='lat' dir='ltr'>non</span> <span class='ocrx_word' id='word_1_231' title='bbox 1377 2064 1518 2108; x_wconf 70' lang='lat' dir='ltr'>nego,</span> <span class='ocrx_word' id='word_1_232' title='bbox 1555 2058 1606 2094; x_wconf 90' lang='lat' dir='ltr'>ut</span> 
     </span>
     <span class='ocr_line' id='line_1_28' title="bbox 207 2119 1604 2181; baseline -0.003 -13"><span class='ocrx_word' id='word_1_233' title='bbox 207 2122 307 2168; x_wconf 89' lang='lat' dir='ltr'>ideo</span> <span class='ocrx_word' id='word_1_234' title='bbox 324 2121 379 2167; x_wconf 90' lang='lat' dir='ltr'>de</span> <span class='ocrx_word' id='word_1_235' title='bbox 399 2122 466 2167; x_wconf 92' lang='lat' dir='ltr'>his</span> <span class='ocrx_word' id='word_1_236' title='bbox 481 2130 598 2166; x_wconf 88' lang='lat' dir='ltr'>recte</span> <span class='ocrx_word' id='word_1_237' title='bbox 618 2120 704 2165; x_wconf 90' lang='lat' dir='ltr'>dici</span> <span class='ocrx_word' id='word_1_238' title='bbox 725 2121 934 2181; x_wconf 87' lang='lat' dir='ltr'>potuerit,</span> <span class='ocrx_word' id='word_1_239' title='bbox 952 2122 1058 2166; x_wconf 86' lang='lat' dir='ltr'>Haec</span> <span class='ocrx_word' id='word_1_240' title='bbox 1080 2119 1242 2176; x_wconf 85' lang='lat' dir='ltr'>omnia,</span> <span class='ocrx_word' id='word_1_241' title='bbox 1259 2119 1470 2180; x_wconf 85' lang='lat' dir='ltr'>quoniam</span> <span class='ocrx_word' id='word_1_242' title='bbox 1487 2129 1604 2164; x_wconf 86' lang='lat' dir='ltr'>recte</span> 
     </span>
     <span class='ocr_line' id='line_1_29' title="bbox 207 2192 1604 2252; baseline -0.002 -13"><span class='ocrx_word' id='word_1_243' title='bbox 207 2194 383 2250; x_wconf 85' lang='lat' dir='ltr'>dicitur,</span> <span class='ocrx_word' id='word_1_244' title='bbox 409 2196 514 2238; x_wconf 88' lang='lat' dir='ltr'>Haec</span> <span class='ocrx_word' id='word_1_245' title='bbox 526 2192 662 2239; x_wconf 83' lang='lat' dir='ltr'>verba</span> <span class='ocrx_word' id='word_1_246' title='bbox 684 2192 844 2237; x_wconf 85' lang='lat' dir='ltr'>omnia.</span> <span class='ocrx_word' id='word_1_247' title='bbox 870 2192 913 2238; x_wconf 89' lang='lat' dir='ltr'>Si</span> <span class='ocrx_word' id='word_1_248' title='bbox 933 2201 1080 2236; x_wconf 84' lang='lat' dir='ltr'>autem</span> <span class='ocrx_word' id='word_1_249' title='bbox 1100 2207 1124 2236; x_wconf 85' lang='lat' dir='ltr'>a</span> <span class='ocrx_word' id='word_1_250' title='bbox 1143 2207 1214 2236; x_wconf 84' lang='lat' dir='ltr'>mc</span> <span class='ocrx_word' id='word_1_251' title='bbox 1236 2207 1406 2252; x_wconf 81' lang='lat' dir='ltr'>quaeras</span> <span class='ocrx_word' id='word_1_252' title='bbox 1427 2208 1528 2252; x_wconf 85' lang='lat' dir='ltr'>quae</span> <span class='ocrx_word' id='word_1_253' title='bbox 1550 2192 1604 2236; x_wconf 90' lang='lat' dir='ltr'>sit</span> 
     </span>
     <span class='ocr_line' id='line_1_30' title="bbox 207 2263 1605 2327; baseline -0.003 -15"><span class='ocrx_word' id='word_1_254' title='bbox 207 2282 307 2327; x_wconf 86' lang='lat' dir='ltr'>pars</span> <span class='ocrx_word' id='word_1_255' title='bbox 325 2266 557 2322; x_wconf 83' lang='lat' dir='ltr'>orationis,</span> <span class='ocrx_word' id='word_1_256' title='bbox 583 2264 738 2320; x_wconf 82' lang='lat' dir='ltr'>verba,</span> <span class='ocrx_word' id='word_1_257' title='bbox 765 2263 877 2308; x_wconf 89' lang='lat' dir='ltr'>nihil</span> <span class='ocrx_word' id='word_1_258' title='bbox 898 2263 1019 2309; x_wconf 87' lang='lat' dir='ltr'>aliud</span> <span class='ocrx_word' id='word_1_259' title='bbox 1044 2263 1319 2325; x_wconf 86' lang='lat' dir='ltr'>respondebo</span> <span class='ocrx_word' id='word_1_260' title='bbox 1341 2279 1496 2325; x_wconf 81' lang='lat' dir='ltr'>quam,</span> <span class='ocrx_word' id='word_1_261' title='bbox 1522 2280 1605 2309; x_wconf 92' lang='lat' dir='ltr'>no-</span> 
     </span>
     <span class='ocr_line' id='line_1_31' title="bbox 208 2333 1604 2396; baseline -0.002 -15"><span class='ocrx_word' id='word_1_262' title='bbox 208 2353 327 2381; x_wconf 87' lang='lat' dir='ltr'>men.</span> <span class='ocrx_word' id='word_1_263' title='bbox 365 2339 510 2391; x_wconf 82' lang='lat' dir='ltr'>Quare</span> <span class='ocrx_word' id='word_1_264' title='bbox 532 2336 637 2382; x_wconf 92' lang='lat' dir='ltr'>huic</span> <span class='ocrx_word' id='word_1_265' title='bbox 668 2334 836 2380; x_wconf 90' lang='lat' dir='ltr'>nomini</span> <span class='ocrx_word' id='word_1_266' title='bbox 872 2333 1052 2379; x_wconf 80' lang='lat' dir='ltr'>fortasse</span> <span class='ocrx_word' id='word_1_267' title='bbox 1076 2350 1319 2395; x_wconf 89' lang='lat' dir='ltr'>pronomen</span> <span class='ocrx_word' id='word_1_268' title='bbox 1348 2334 1604 2396; x_wconf 82' lang='lat' dir='ltr'>adjunctum</span> 
     </span>
     <span class='ocr_line' id='line_1_32' title="bbox 210 2406 1016 2463; baseline -0.002 -11"><span class='ocrx_word' id='word_1_269' title='bbox 210 2417 290 2463; x_wconf 90' lang='lat' dir='ltr'>est,</span> <span class='ocrx_word' id='word_1_270' title='bbox 314 2417 364 2452; x_wconf 86' lang='lat' dir='ltr'>ut</span> <span class='ocrx_word' id='word_1_271' title='bbox 379 2406 453 2451; x_wconf 85' lang='lat' dir='ltr'>illa</span> <span class='ocrx_word' id='word_1_272' title='bbox 475 2416 592 2453; x_wconf 84' lang='lat' dir='ltr'>recta</span> <span class='ocrx_word' id='word_1_273' title='bbox 613 2416 723 2452; x_wconf 88' lang='lat' dir='ltr'>esset</span> <span class='ocrx_word' id='word_1_274' title='bbox 737 2406 902 2451; x_wconf 86' lang='lat' dir='ltr'>locutio</span> <span class='ocrx_word' id='word_1_275' title='bbox 925 2415 1016 2450; x_wconf 88' lang='lat' dir='ltr'>tua.</span> 
     </span>
    </p>

    <p class='ocr_par' dir='ltr' id='par_1_4' title="bbox 214 2477 1603 2612">
     <span class='ocr_line' id='line_1_33' title="bbox 270 2477 1603 2540; baseline -0.002 -16"><span class='ocrx_word' id='word_1_276' title='bbox 270 2482 390 2524; x_wconf 87' lang='lat' dir='ltr'><strong>XIV.</strong></span> <span class='ocrx_word' id='word_1_277' title='bbox 412 2483 525 2524; x_wconf 72' lang='lat' dir='ltr'>Am.</span> <span class='ocrx_word' id='word_1_278' title='bbox 551 2483 692 2525; x_wconf 82' lang='lat' dir='ltr'>Acute</span> <span class='ocrx_word' id='word_1_279' title='bbox 712 2478 890 2540; x_wconf 86' lang='lat' dir='ltr'>quidem</span> <span class='ocrx_word' id='word_1_280' title='bbox 919 2477 1105 2534; x_wconf 84' lang='lat' dir='ltr'>falleris,</span> <span class='ocrx_word' id='word_1_281' title='bbox 1126 2477 1202 2523; x_wconf 87' lang='lat' dir='ltr'>sed</span> <span class='ocrx_word' id='word_1_282' title='bbox 1224 2487 1274 2522; x_wconf 87' lang='lat' dir='ltr'>ut</span> <span class='ocrx_word' id='word_1_283' title='bbox 1297 2477 1388 2522; x_wconf 81' lang='lat' dir='ltr'>falli</span> <span class='ocrx_word' id='word_1_284' title='bbox 1410 2479 1603 2535; x_wconf 83' lang='lat' dir='ltr'>desinas,</span> 
     </span>
     <span class='ocr_line' id='line_1_34' title="bbox 214 2549 1603 2612; baseline 0.001 -18"><span class='ocrx_word' id='word_1_285' title='bbox 214 2550 381 2596; x_wconf 79' lang='lat' dir='ltr'>acutius</span> <span class='ocrx_word' id='word_1_286' title='bbox 414 2550 589 2598; x_wconf 79' lang='lat' dir='ltr'>attende</span> <span class='ocrx_word' id='word_1_287' title='bbox 611 2550 731 2612; x_wconf 86' lang='lat' dir='ltr'>quod</span> <span class='ocrx_word' id='word_1_288' title='bbox 752 2549 890 2597; x_wconf 77' lang='lat' dir='ltr'>(licam</span> <span class='ocrx_word' id='word_1_289' title='bbox 908 2585 918 2604; x_wconf 87' lang='lat'>,</span> <span class='ocrx_word' id='word_1_290' title='bbox 944 2550 978 2593; x_wconf 85' lang='lat' dir='ltr'>si</span> <span class='ocrx_word' id='word_1_291' title='bbox 999 2559 1145 2596; x_wconf 78' lang='lat' dir='ltr'>tamen</span> <span class='ocrx_word' id='word_1_292' title='bbox 1165 2550 1211 2596; x_wconf 85' lang='lat' dir='ltr'>id</span> <span class='ocrx_word' id='word_1_293' title='bbox 1232 2549 1396 2604; x_wconf 83' lang='lat' dir='ltr'>dicere,</span> <span class='ocrx_word' id='word_1_294' title='bbox 1417 2558 1466 2595; x_wconf 89' lang='lat' dir='ltr'>ut</span> <span class='ocrx_word' id='word_1_295' title='bbox 1486 2549 1603 2604; x_wconf 83' lang='lat' dir='ltr'>volo,</span> 
     </span>
    </p>
   </div>
  </div>
 </body>
</html>
