1888 3168
247 179 331 218 566
681 186 713 217 S.
753 188 984 218 Accus‘rlm
1018 192 1199 220 EPISCOPI

246 270 376 312 num3
400 268 500 299 cum
520 253 592 298 ille
609 254 685 314 qui
701 253 922 316 loquitur,
943 255 1094 301 eadem
1111 255 1291 317 quidem
1305 258 1518 317 significat
1533 274 1634 320 quae

245 326 432 384 cogitat,
464 323 540 370 sed
570 323 832 386 plerumque
864 335 1036 372 tantum
1058 326 1140 371 sibi
1160 336 1205 371 et
1226 326 1318 373 aliis
1341 328 1630 389 quibusdam:

241 398 282 442 ei
294 411 398 442 vero
416 395 487 440 cui
503 395 701 456 loquitur
718 405 762 441 et
777 396 884 441 item
901 396 994 442 aliis
1008 397 1249 454 nonnullis,
1264 413 1355 444 non
1368 398 1486 444 idem
1500 399 1634 460 signi·-

239 470 358 514 ficat.
376 466 541 512 Dixerit
557 467 675 511 enim
691 466 849 528 aliquis
871 466 1149 514 audientibus
1171 469 1298 515 nobis
1309 504 1321 525 ,
1338 470 1395 516 ab
1413 469 1634 532 aliquibus

239 538 397 584 belluis
428 537 654 584 hominem
685 539 848 584 virtute
879 539 1098 599 superari:
1134 554 1214 585 nos
1246 539 1365 586 illico
1398 541 1513 586 ferre
1543 557 1634 589 non

237 624 497 672 possumus,
528 618 573 654 et
590 608 704 654 hanc
723 618 815 654 tam
836 607 991 655 falsam
1012 609 1353 673 pestiferamque
1374 612 1635 664 sententiam

237 698 396 742 magna
419 681 664 726 intentione
687 680 951 728 refellimus:
977 699 1080 728 cum
1101 683 1175 729 ille
1196 684 1378 731 fortasse
1397 685 1632 743 virtutem,

237 755 351 800 vires
384 753 577 814 corporis
601 763 756 809 vocet,
793 763 838 799 et
867 754 951 799 hoc
982 755 1160 800 nomine
1193 755 1239 801 id
1271 756 1394 817 quod
1426 757 1638 817 cogitavit

238 826 462 881 enuntiet,
495 839 576 868 nec
605 824 859 880 mentiatur,
895 840 977 870 nec
997 835 1112 871 erret
1144 826 1190 872 in
1217 827 1375 884 rebus,
1404 842 1486 872 nec
1514 827 1636 874 aliud

236 895 405 958 aliquid
421 895 601 941 volvens
620 895 768 941 animo
779 931 790 952 ,
811 895 1016 941 mandata
1033 898 1255 943 memoriae
1270 898 1406 943 verba
1419 899 1633 956 contexit,

238 983 320 1013 nec
340 967 504 1027 linguae
525 965 652 1027 lapsu
669 965 788 1012 aliud
806 982 940 1028 quam
956 966 1161 1014 volvebat
1182 978 1327 1015 sonet:
1348 967 1425 1015 sed
1441 978 1638 1015 tantum-

237 1040 371 1086 modo
392 1056 483 1085 rem
506 1055 642 1101 quam
665 1039 851 1100 cogitat,
872 1039 957 1086 alio
974 1056 1107 1102 quam
1123 1056 1203 1087 nos
1219 1042 1399 1087 nomine
1416 1041 1634 1103 appellat:

238 1110 295 1156 de
317 1127 405 1172 qua
426 1110 489 1155 illi
511 1111 660 1156 statim
683 1111 1006 1169 assentiremur,
1031 1113 1066 1157 si
1087 1113 1179 1174 ejus
1201 1113 1514 1173 cogitationem
1530 1128 1635 1174 pos—

233 1198 378 1227 semus
404 1182 643 1243 inspicere,
679 1198 815 1244 quam
842 1184 986 1228 verbis
1016 1185 1108 1245 jam
1129 1184 1310 1245 prolatis
1337 1183 1637 1245 explicataque

237 1253 451 1299 sententia
468 1270 544 1298 sua
560 1289 572 1310 ,
598 1253 800 1300 nondum
821 1254 947 1299 nobis
968 1253 1161 1315 pandere
1181 1253 1336 1301 valuit.
1362 1254 1477 1300 Huic
1498 1255 1635 1300 errori

238 1325 543 1370 definitionem
560 1325 727 1370 mederi
748 1341 874 1386 posse
896 1324 1072 1382 dicunt,
1097 1326 1212 1371 utin
1232 1327 1315 1371 hac
1338 1325 1581 1388 quaestione
1601 1326 1638 1371 si

239 1395 443 1441 definiret
464 1395 573 1457 quid
601 1397 657 1453 sit
675 1397 840 1453 virtus,
866 1396 1084 1454 eluceret,
1110 1397 1234 1442 aiunt
1248 1432 1260 1453 ,
1281 1412 1372 1442 non
1393 1396 1449 1441 de
1465 1412 1513 1442 re
1527 1432 1539 1453 ,
1563 1396 1642 1443 sed

241 1465 296 1511 dc
315 1467 451 1511 verbo
475 1482 563 1511 esse
586 1467 951 1523 controversiam,
976 1466 1099 1528 quod
1115 1476 1166 1512 ut
1187 1466 1426 1512 concedam
1444 1468 1504 1511 ita
1526 1482 1639 1524 esse,

240 1547 403 1599 quotus
420 1537 605 1597 quisque
627 1537 771 1581 bonus
790 1536 996 1580 definitor
1013 1537 1198 1580 inveniri
1220 1538 1394 1596 potest?
1414 1539 1473 1581 Et
1493 1546 1642 1584 tamen

242 1609 448 1655 adversus
464 1608 738 1667 disciplinam
754 1605 993 1651 definiendi
1006 1606 1145 1651 multa
1163 1607 1383 1667 disputata
1399 1616 1524 1664 sunt,
1541 1624 1642 1668 quae

242 1695 387 1740 neque
402 1678 597 1724 hocloco
614 1686 800 1722 tractare
814 1685 1116 1737 opportunum
1131 1685 1209 1734 est,
1226 1692 1307 1723 nec
1322 1693 1642 1740 usquequaque

243 1767 268 1796 a
285 1766 356 1795 me
378 1750 637 1811 probantur.

303 1824 462 1867 XLIV.
485 1821 652 1866 Omitto
674 1820 799 1881 quod
814 1818 953 1864 multa
970 1834 1061 1864 non
1077 1819 1192 1864 bene
1209 1818 1435 1876 audimus,
1458 1829 1502 1865 et
1518 1821 1642 1882 quasi

243 1895 299 1941 de
326 1892 486 1938 auditis
512 1891 592 1937 diu
614 1891 897 1951 multumque
919 1890 1250 1949 contendimus3
1275 1890 1396 1936 velut
1423 1900 1475 1936 tu
1501 1907 1643 1952 nuper

243 1966 381 2012 verbo
399 1963 593 2026 quodam
611 1963 778 2008 Punico
794 1998 805 2018 ,
830 1977 932 2007 cum
954 1978 1036 2022 ego
1053 1962 1395 2008 misericordiam
1414 1962 1614 2008 dixissem
1627 1998 1639 2020 ,

244 2037 452 2099 pietatem
474 2034 709 2094 significari
732 2043 773 2079 te
797 2032 968 2079 audisse
990 2032 1166 2078 dicebas
1183 2033 1239 2078 ab
1257 2034 1316 2079 eis
1330 2068 1342 2090 ,
1362 2033 1525 2095 quibus
1546 2034 1643 2079 haec

245 2106 397 2167 lingua
409 2106 545 2165 magis
559 2114 664 2151 nota
678 2114 788 2150 esset
802 2124 811 2151 ι
826 2120 907 2165 ego
921 2113 1067 2150 autem
1080 2105 1296 2161 resistens,
1307 2103 1417 2166 quid
1428 2104 1644 2166 acceperis

246 2179 331 2225 tibi
348 2179 530 2235 omnino
545 2177 749 2224 excidisse
767 2178 1035 2235 asserebam,
1054 2177 1168 2223 visus
1186 2177 1304 2222 enim
1321 2176 1429 2221 mihi
1443 2192 1535 2222 eras
1552 2192 1644 2222 non

245 2252 455 2312 pietatem
473 2250 652 2306 dixisse,
673 2249 749 2294 sed
770 2249 904 2294 fidem
917 2285 928 2305 ,
954 2264 1056 2294 cum
1077 2258 1122 2294 et
1138 2248 1518 2310 conjunctissimus
1535 2249 1643 2293 mihi

247 2321 455 2367 assideres
469 2357 480 2377 ,
518 2331 561 2366 et
595 2321 719 2366 nullo
754 2320 887 2366 modo
918 2321 1013 2365 haec
1048 2319 1137 2365 duo
1159 2320 1337 2365 nomina
1358 2319 1643 2364 similitudine

247 2393 342 2438 soni
370 2409 520 2437 aurem
549 2392 784 2452 decipiant.
812 2393 897 2437 Diu
919 2402 961 2437 te
986 2402 1134 2436 tamen
1157 2392 1390 2436 arbitratus
1422 2407 1519 2435 sum
1540 2407 1642 2436 nes-

248 2466 335 2509 cire
352 2463 460 2525 quid
476 2464 556 2508 tibi
574 2465 743 2508 dictum
761 2464 840 2520 sit,
867 2479 969 2509 cum
991 2479 1072 2522 ego
1095 2463 1307 2508 nescirem
1328 2461 1437 2523 quid
1454 2461 1609 2506 dixeris
1629 2482 1638 2507 :

245 2550 347 2580 nam
369 2535 403 2580 si
425 2543 468 2579 te
485 2534 597 2579 bene
619 2534 858 2589 audissem,
884 2549 1165 2594 nequaquam
1188 2533 1297 2578 mihi
1319 2532 1543 2579 videretur
1560 2532 1640 2578 ab·
