1888 3168
321 179 406 218 350
764 189 799 216 s.
833 183 1063 216 Ancusnm
1103 186 1284 216 Episcom

321 268 411 298 uno
432 262 476 297 et
503 251 706 307 duobus,
733 261 830 312 post
863 262 1103 314 utrumque
1125 252 1171 297 in
1192 252 1345 298 ordine
1370 253 1632 312 collocatur,
1657 257 1716 301 ita

318 333 368 369 ut
390 321 538 368 nullus
562 321 672 367 alius
688 322 907 384 interponi
933 332 1080 384 queat.
1105 328 1153 367 D.
1181 326 1248 369 Ita
1270 321 1414 369 video.
1437 326 1498 369 Μ.
1515 325 1651 386 Atqui
1672 335 1717 371 et

317 393 428 439 illud
455 392 602 438 videas
626 402 820 455 oportet,
844 394 890 438 111
924 393 1056 438 11111115
1085 392 1264 455 reliquis
1294 394 1485 439 numeris
1513 394 1560 439 id
1592 411 1716 455 posse

317 466 571 526 contingere
586 502 598 523 ,
621 475 672 511 ut
693 481 795 511 cum
812 465 922 511 duos
939 466 1160 527 quoslibet
1180 467 1353 512 sibimet
1379 466 1426 513 111
1455 466 1716 512 numerandi

316 536 471 583 ordine
493 538 720 598 copulatos
753 538 993 595 notaveris,
1018 547 1313 600 consequatur
1341 554 1413 585 eos
1440 536 1515 583 1110
1545 538 1622 600 qui
1663 553 1716 583 ex

317 610 775 671 ambobusjconficitur
785 645 796 667 ,
814 610 938 656 nullo
955 611 1224 672 interposito.
1238 615 1289 657 D.
1302 611 1354 657 Id
1366 626 1545 673 quoque
1558 610 1687 657 video
1703 629 1713 657 ε

316 697 418 726 nam
461 681 550 727 duo
597 692 642 727 et
671 683 778 738 tria,
824 683 902 743 qui
932 683 1014 728 sibi
1050 683 1223 728 numeri
1264 683 1456 744 copulati
1504 692 1628 739 sunt,
1668 683 1716 727 in

314 769 483 799 summa
505 755 702 815 quinque
724 753 912 800 faciunt:
933 771 1024 799 non
1042 765 1189 811 autem
1211 755 1407 816 quinque
1425 754 1715 800 continuatim

314 835 585 886 sequuntur,
611 824 686 869 scd
725 834 929 886 quatuor.
958 829 1124 871 Rursus
1157 821 1302 871 trium
1322 835 1512 888 quatuor
1548 834 1714 886 septem

315 897 578 941 conficiunt:
598 896 710 941 inter
729 906 920 957 quatuor
941 907 1088 942 autem
1110 913 1158 942 ac
1175 907 1341 958 septem
1361 898 1558 958 quinque
1580 906 1713 957 atque

314 983 388 1012 sex
406 966 595 1012 ordinati
617 978 742 1013 sunt:
767 978 811 1013 et
832 979 1000 1030 quanto
1015 968 1217 1030 progredi
1230 969 1411 1015 voluero
1429 1004 1441 1026 ,
1466 977 1590 1013 tanto
1609 967 1714 1028 plu—

313 1055 380 1084 res
403 1039 760 1100 interponuntur.
786 1043 848 1085 M.
877 1044 1037 1101 Magna
1068 1056 1169 1100 ergo
1199 1042 1294 1085 haec
1316 1039 1552 1086 concordia
1572 1048 1637 1083 est
1667 1038 1715 1092 in

313 1110 531 1169 prioribus
545 1112 630 1155 trib
638 1127 684 1155 us
699 1112 890 1156 numeris
902 1128 911 1153 :
929 1128 1070 1156 unum
1079 1112 1196 1156 enim
1209 1121 1253 1156 et
1265 1111 1354 1157 duo
1363 1121 1407 1156 et
1418 1112 1498 1156 tria
1508 1109 1710 1165 dicimus,

313 1182 474 1242 quibus
506 1182 617 1226 nihil
641 1183 863 1244 interponi
885 1192 1055 1244 potest:
1082 1199 1222 1228 unum
1244 1193 1390 1228 autem
1414 1193 1458 1228 et
1489 1181 1600 1238 duo,
1620 1182 1716 1241 ipsa

313 1263 416 1298 sunt
429 1254 526 1298 tria.
543 1257 594 1298 D.
608 1257 768 1314 Magna
786 1271 976 1316 prorsus.
993 1259 1054 1301 M.
1072 1256 1206 1312 Quid,
1218 1255 1330 1300 illud
1347 1255 1553 1300 nulla-ne
1568 1253 1715 1299 consi-

313 1324 538 1370 deratione
562 1325 745 1385 dignum
771 1336 898 1387 putas
914 1362 925 1384 ,
946 1327 1071 1387 quod
1100 1328 1180 1372 ista
1203 1326 1437 1373 concordia
1456 1334 1624 1388 quanto
1651 1332 1717 1370 est

313 1397 450 1442 actior
470 1406 602 1458 atque
625 1398 922 1458 conjunctior,
940 1408 1062 1444 tanto
1077 1400 1212 1458 magis
1247 1399 1293 1442 in
1320 1399 1534 1443 unitatem
1558 1411 1718 1458 quam-³

313 1468 414 1512 dam
443 1470 606 1525 tendit,
625 1479 669 1514 et
701 1486 842 1515 unum
875 1470 1088 1531 quiddam
1111 1470 1166 1515 de
1193 1470 1393 1531 pluribus
1422 1469 1582 1514 efficit?
1618 1470 1715 1513 Imo

312 1542 526 1598 maxima,
558 1551 602 1586 et
634 1543 781 1587 nescio
812 1542 1067 1603 quomodo,
1101 1553 1145 1587 et
1182 1543 1338 1600 miror,
1380 1551 1425 1587 et
1452 1557 1553 1587 amo
1584 1541 1715 1586 istam

313 1632 447 1677 quam
468 1617 750 1663 commendas
766 1619 997 1663 unitatem.
1015 1622 1076 1664 M.
1097 1618 1291 1664 Multum
1313 1619 1479 1679 probo,
1505 1617 1582 1664 sed
1596 1627 1715 1662 certe

312 1689 526 1748 quaelibet
560 1705 706 1734 rerum
730 1689 952 1750 copulatio
975 1698 1108 1751 atque
1130 1691 1366 1746 connexio,
1391 1699 1499 1734 111110
1526 1689 1715 1735 maxime

313 1777 454 1805 unum
476 1761 689 1822 quiddam
712 1762 868 1818 eflicit,
889 1777 991 1806 cum
1012 1771 1056 1806 et
1078 1760 1223 1806 media
1240 1762 1440 1807 extremis
1455 1797 1467 1819 ,
1489 1770 1534 1806 01
1559 1760 1714 1806 mediis

313 1841 502 1878 extrema
527 1833 821 1878 consentiunt.
846 1836 898 1878 D.
916 1836 982 1877 Ita
997 1842 1113 1877 certe
1135 1842 1323 1894 oportet.

369 1907 540 1949 XXIII.
565 1909 626 1950 M.
647 1903 838 1949 Attende
858 1904 992 1963 igitur
1007 1914 1059 1949 ut
1079 1905 1164 1949 hoc
1182 1906 1228 1949 in
1249 1905 1331 1949 ista
1352 1905 1626 1950 connexione
1641 1904 1712 1951 vi-

311 1977 506 2021 deamus.
524 1979 635 2022 Nam
653 1991 754 2020 cum
766 1991 906 2019 unum
921 2011 932 2031 ,
949 1975 1038 2020 duo
1051 2011 1062 2032 ,
1082 1976 1164 2021 tria
1181 1975 1367 2022 dicimus
1379 2012 1390 2033 ,
1407 1992 1555 2022 nonne
1568 1993 1712 2038 quan-

311 2057 406 2092 tum
440 2064 580 2093 unum
616 2064 640 2092 a
677 2047 851 2092 duobus
869 2083 879 2103 ,
924 2055 1046 2092 tanto
1081 2046 1170 2093 duo
1202 2064 1227 2093 a
1255 2049 1396 2094 tribus
1417 2051 1710 2109 superantur?

311 2124 363 2165 l).
376 2121 659 2165 Verissimum
673 2128 751 2163 est.
763 2122 824 2163 M.
837 2119 915 2164 Dic
933 2120 1025 2179 jam
1042 2135 1162 2164 1111110
1183 2121 1305 2177 1111111,
1326 2121 1372 2164 111
1385 2120 1464 2164 ista
1477 2119 1710 2165 collatione

311 2191 483 2251 quoties
508 2206 649 2235 unum
677 2190 1010 2235 nominaverim.
1035 2193 1087 2235 D.
1114 2189 1272 2236 Semel.
1292 2193 1354 2236 M.
1387 2191 1485 2236 Tria
1511 2191 1710 2252 quoties?

312 2266 365 2307 D.
391 2262 546 2308 Semel.
573 2266 633 2308 M.
655 2261 796 2317 Quid,
828 2261 943 2307 duo?
964 2265 1015 2307 D.
1042 2262 1127 2307 Bis.
1153 2265 1214 2308 M.
1241 2262 1383 2308 Semel
1404 2277 1527 2322 ergo,
1553 2272 1597 2308 et
1615 2262 1704 2318 bis,

311 2343 355 2378 et
377 2334 533 2390 semel,
571 2334 742 2394 quoties
762 2333 812 2377 fit
834 2335 1030 2378 summa?
1058 2336 1110 2378 D.
1132 2336 1311 2387 Quater.
1337 2337 1398 2379 M.
1419 2337 1555 2379 Recte
1573 2333 1709 2393 igitur

310 2405 411 2449 istos
436 2414 521 2449 tres
548 2403 850 2465 quaternarius
873 2419 1082 2448 numerus
1105 2405 1325 2465 sequitur,
1364 2405 1404 2449 ei
1432 2404 1596 2466 quippe
1628 2404 1707 2448 tri-

311 2475 462 2520 buitur
480 2476 560 2520 ista
582 2476 865 2536 proportione
886 2475 1079 2521 collatio.
1101 2478 1210 2529 Quae
1229 2485 1448 2538 quantum
1464 2474 1607 2521 valeat
1620 2510 1631 2531 ,
1652 2491 1704 2520 00

303 2548 393 2607 jam
409 2563 600 2593 assuesce
616 2562 900 2607 cognoscere,
918 2546 1042 2608 quod
1064 2545 1141 2593 1113
1154 2548 1297 2594 11111135
1311 2583 1323 2606 ,
1338 2562 1472 2610 quam
1491 2556 1535 2593 te
1553 2561 1699 2592 amare
