1888 3168
473 204 596 231 1111011
629 202 682 230 DE
717 198 989 238 Qi‘ANTnuiTE
1027 200 1184 226 mint.
1447 187 1530 225 ‘265

137 287 267 332 quam
292 271 420 316 linea.
442 273 493 315 E.
515 271 667 316 Nescio
684 284 859 330 prorsus
886 266 1004 310 unde
1027 283 1115 311 non
1140 266 1288 327 possit.
1317 268 1367 309 A.
1390 265 1532 311 Credo

140 352 180 386 tc
203 359 291 387 non
312 341 558 397 recordari,
586 356 689 386 nam
706 339 870 385 nescire
888 337 1006 382 istud
1027 336 1150 382 nullo
1183 336 1314 381 modo
1345 351 1492 397 posses
1520 352 1527 379 ε

136 430 271 476 quare
293 411 681 460 commonefaciam
714 421 757 457 te
780 411 862 456 isto
885 408 1033 454 modo.
1072 411 1201 454 Certe
1229 408 1345 451 enim
1378 406 1532 453 latitu-

136 485 285 530 dinem
299 486 358 531 sic
380 483 606 543 intelligis,
633 493 684 528 ut
707 482 971 544 cogitatione
993 490 1068 526 tua
1091 479 1146 525 de
1173 477 1402 524 altitudine
1424 479 1533 524 nihil

135 573 333 617 usurpes.
354 559 408 602 Ε.
437 556 505 602 Sic
528 555 722 602 omnino.
749 558 802 600 A.
820 552 1012 600 Accedat
1033 552 1167 612 igitur
1183 551 1287 596 huic
1308 549 1533 595 latitudini

135 627 323 674 altitudo
337 664 349 685 ,
374 636 418 674 et
439 626 655 688 responde
669 629 761 689 jam
778 636 927 671 utrum
942 625 1073 669 etiam
1091 623 1259 685 aliquid
1277 622 1529 678 accesserit,

134 715 223 760 quo
245 699 382 759 magis
400 699 600 761 undique
628 699 762 744 secari
784 707 931 760 queat.
957 700 1009 742 E.
1036 696 1146 742 Mire
1174 695 1354 740 omnino
1377 693 1532 739 admo-

134 772 280 817 nuisti.
305 774 434 818 Nunc
452 772 569 817 enim
591 770 720 817 video
748 787 838 816 non
855 770 997 816 solum
1024 768 1214 829 desuper
1244 777 1319 812 aut
1342 783 1393 811 ex
1416 766 1532 811 infe-

133 843 235 887 riori
252 852 390 903 parte,
406 842 481 888 sed
496 859 519 887 a
533 843 742 888 lateribus
755 858 934 904 quoque
952 841 1123 886 admitti
1136 856 1261 902 posse
1275 839 1529 895 sectionem,

134 914 331 976 nihilque
354 916 534 960 omnino
565 916 841 971 remansisse,
874 914 993 959 unde
1028 930 1118 958 11011
1140 922 1274 974 queat
1305 921 1533 972 penetrare

132 986 301 1032 divisio.
324 989 468 1041 Quare
490 986 773 1032 manifestum
797 996 862 1031 est
877 1023 887 1042 ,
914 995 957 1031 et
980 984 1261 1030 latitudinem
1284 1000 1335 1028 ex
1347 984 1413 1028 his
1435 999 1532 1044 par-

135 1057 250 1102 tibus
272 1058 407 1103 secari
429 1074 519 1103 non
540 1074 667 1119 posse
683 1095 693 1115 ,
731 1074 809 1119 per
832 1074 938 1120 quas
960 1066 1209 1102 surrectura
1238 1065 1302 1101 est
1324 1054 1527 1100 altitudo.

190 1131 313 1174 XXI.
335 1132 388 1175 A.
411 1131 629 1184 Quoniam
646 1131 726 1175 tihi
738 1130 887 1190 igitur,
906 1130 1043 1174 sinon
1061 1128 1204 1184 fallor,
1222 1137 1265 1172 et
1279 1126 1527 1185 longitudo,

131 1210 174 1245 et
188 1201 391 1258 latitudo,
409 1211 452 1248 et
465 1201 652 1248 altitudo
665 1213 769 1248 nota
783 1211 861 1259 est,
880 1218 1031 1264 quaero
1043 1211 1193 1247 utrum
1207 1201 1373 1262 possint
1386 1198 1533 1244 deesse

131 1271 220 1318 duo
233 1273 472 1334 superiora,
489 1274 568 1318 uhi
582 1272 721 1319 aderit
734 1273 937 1319 altitudo.
956 1276 1007 1319 E.
1034 1274 1133 1319 Sine
1146 1270 1425 1332 longitudine
1439 1271 1534 1330 qui-

130 1345 231 1389 dem
253 1346 382 1391 video
426 1362 516 1392 esse
539 1363 629 1392 non
670 1362 796 1407 posse
827 1346 1107 1392 altitudinem
1129 1381 1139 1399 ,
1166 1345 1257 1387 sine
1300 1341 1533 1387 latitudine

129 1425 277 1460 autem
300 1426 457 1475 potest.
483 1420 536 1460 Α.
565 1416 678 1460 Redi
700 1431 805 1474 ergo
828 1417 883 1459 ad
916 1415 1226 1473 cogitationem
1263 1412 1529 1469 latitudinis,

128 1496 171 1531 et
193 1487 227 1531 si
252 1503 349 1532 eam
376 1487 500 1548 quasi
523 1488 746 1548 jacentem
767 1488 914 1532 animo
957 1487 1236 1547 figuraveris,
1279 1487 1470 1545 erigatur
1486 1487 1533 1531 in

127 1558 359 1621 quodlibet
372 1559 488 1605 latus
503 1596 514 1616 ,
531 1569 742 1621 tanquam
758 1561 901 1607 sicam
918 1559 1051 1605 velles
1065 1576 1144 1621 per
1160 1559 1455 1604 tenuissimam
1474 1559 1534 1603 ri-

122 1646 242 1674 mam
264 1630 342 1674 ubi
365 1647 409 1675 se
427 1631 587 1676 clausae
605 1633 752 1688 jauuae
773 1633 994 1690 jungunt,
1017 1632 1220 1673 educere.
1240 1635 1310 1672 An
1331 1630 1532 1676 nondum

123 1700 326 1759 intelligis
339 1699 449 1761 quid
460 1699 619 1744 velim?
641 1702 693 1744 E.
715 1699 921 1759 Intelligo
939 1699 1049 1761 quid
1067 1699 1208 1756 dicas,
1231 1700 1306 1745 sed
1328 1701 1530 1746 nondum

123 1772 303 1818 fortasse
316 1771 426 1833 quid
447 1770 568 1816 velis.
590 1774 642 1815 Α.
672 1770 790 1816 Illud
808 1771 972 1816 scilicet
988 1781 1040 1816 ut
1054 1771 1316 1832 respondeas
1332 1809 1342 1828 ,
1374 1782 1526 1818 utrum

123 1845 181 1890 sic
205 1853 347 1889 erecta
378 1842 570 1888 latitudo
595 1842 796 1888 videatur
818 1844 898 1889 tibi
927 1844 1132 1903 migrasse
1154 1845 1199 1889 in
1222 1844 1524 1903 altitudinem,

123 1926 167 1961 et
186 1914 429 1961 latitudinis
451 1917 543 1977 jam
581 1931 743 1961 nomen
772 1916 1200 1978 descriptionemque
1225 1917 1414 1962 amisisse
1442 1934 1449 1960 :
1474 1934 1528 1962 an

124 1987 269 2033 adhuc
292 1997 469 2032 maneat
500 1986 712 2044 latitudo,
739 1989 935 2049 quamvis
957 1989 1017 2034 ita
1045 1989 1100 2033 sit
1120 1988 1347 2034 collocata.
1369 1992 1421 2034 E.
1449 1990 1528 2034 Yi-

123 2059 254 2104 detur
266 2059 375 2104 mihi
398 2059 586 2104 altitudo
609 2075 698 2104 esse
715 2058 844 2104 sacta.
871 2064 923 2105 A.
941 2059 1298 2117 Recordaris—ne,
1321 2061 1524 2118 obsecro,

124 2130 504 2193 quemadmodum
535 2131 814 2176 altitudinem
847 2130 1188 2177 definieramus?
1218 2136 1270 2178 E.
1303 2133 1529 2178 Recordor

123 2202 278 2263 plane,
305 2212 348 2248 et
365 2219 435 2248 me
455 2205 546 2265 jam
579 2205 639 2248 sic
662 2203 936 2264 respondisse
970 2204 1123 2265 pudet.
1160 2207 1271 2250 Nam
1293 2205 1424 2249 ctiam
1444 2206 1528 2250 hoc

124 2274 257 2319 modo
280 2275 403 2336 quasi
425 2284 568 2320 erecta
580 2274 767 2320 latitudo
781 2275 1018 2321 sectionem
1031 2291 1109 2337 per
1125 2276 1309 2336 longum
1322 2276 1527 2322 deorsum

124 2362 272 2392 versus
295 2363 386 2392 non
409 2347 602 2393 admittit
628 2368 637 2394 ε
658 2364 793 2410 quare
827 2348 948 2394 nulla
972 2350 1018 2394 in
1041 2365 1090 2394 ea
1111 2359 1295 2410 possunt
1320 2350 1526 2396 interiora

125 2419 306 2478 cogitari
323 2455 333 2474 ,
360 2420 556 2480 quamvis
580 2419 774 2465 medium
798 2431 841 2465 et
862 2430 1053 2465 extrema
1071 2422 1333 2480 cogitentur,
1359 2425 1526 2467 Secun-

125 2489 232 2534 dum
247 2499 389 2536 autem
404 2491 670 2550 superiorem
686 2491 1103 2537 demonstrationem
1119 2492 1376 2549 altitudinis,
1394 2510 1526 2554 quam

128 2560 265 2606 fecisti
289 2570 338 2606 ut
362 2562 636 2618 recordarer,
662 2562 782 2608 nulla
808 2563 987 2611 omnino
1004 2563 1267 2610 estaltitudo
1285 2600 1295 2620 ,
1321 2564 1396 2610 ubi
1416 2565 1523 2610 nihil
