1852 3163
273 173 327 210 30
703 175 737 205 s.
775 176 1004 206 Accusrml
1039 178 1220 207 muscum

271 248 412 307 posito
424 255 468 291 ct
487 246 611 306 quasi
629 245 903 289 lenocinante
926 244 1125 289 mercede
1142 264 1150 290 :
1166 244 1528 308 voluptatemque
1540 247 1657 293 illam

270 317 449 377 Epicuri
470 315 568 361 solis
588 315 702 360 inter
723 331 767 360 sc
789 315 1020 375 pecoribus
1037 330 1126 360 esse
1151 331 1431 362 communem
1450 338 1461 376 3
1485 319 1529 363 in
1545 335 1661 380 quo-

271 404 368 433 rum
391 389 640 434 societatem
669 396 712 431 et
739 386 963 431 hominem
994 396 1038 432 et
1063 387 1304 447 sapientem
1337 389 1513 434 trudere
1538 389 1661 435 nefas

269 475 373 504 csse.
411 461 574 505 Contra
601 457 675 502 ille
694 466 934 502 convocata
956 456 1011 502 de
1032 458 1218 504 hortulis
1239 459 1286 505 in
1306 459 1517 504 auxilium
1539 461 1662 522 quasi

267 529 405 574 libera
423 529 553 574 turba
582 527 937 584 temulentorum,
963 529 1257 590 quaerentium
1274 539 1421 576 tamen
1439 546 1571 593 quem
1591 530 1662 576 in-

267 601 452 662 comptis
474 600 697 660 unguibus
726 600 1009 656 bacchantes,
1036 617 1277 663 asperoque
1298 617 1372 648 ore
1386 601 1658 663 discerpant,

266 671 502 732 voluptatis
536 687 720 728 nomen,
758 672 1016 717 suavitatem
1029 707 1040 728 ,
1083 672 1276 733 quietem
1290 708 1301 730 ,
1343 683 1455 718 teste
1496 672 1661 734 populo

266 758 544 802 exaggerans,
564 743 696 788 instat
713 743 883 799 acriter,
898 752 948 787 ut
959 743 1039 788 nisi
1059 759 1110 788 ea
1121 743 1275 788 beatus
1292 759 1423 790 nemo
1436 759 1527 789 esse
1538 759 1662 805 posse

266 813 482 859 videatur.
524 818 575 859 In
615 830 805 876 quorum
842 814 977 859 rixam
1014 815 1049 858 si
1082 813 1369 860 Academicus
1406 814 1659 871 incurrerit,

265 894 475 946 utrosque
496 884 646 930 audiet
664 886 883 930 trahentes
898 901 941 929 se
958 883 1014 929 ad
1036 900 1133 930 suas
1151 895 1295 946 partes
1316 905 1326 931 :
1351 884 1428 931 sed
1444 886 1479 930 si
1497 886 1544 930 in
1559 885 1660 931 illos

266 965 343 1001 aut
364 956 410 1000 in
431 958 534 1002 istos
556 957 830 1012 concesserit,
852 956 907 1001 ab
930 956 988 1001 eis
1011 972 1120 1017 quos
1142 955 1326 1013 deserit,
1346 956 1525 1002 insanus
1542 992 1553 1013 ,
1578 957 1663 1001 im·-

265 1027 447 1087 peritus,
471 1027 814 1088 temerariusque
837 1026 1111 1071 clamabitur.
1140 1030 1295 1088 Itaque
1319 1042 1419 1072 cum
1443 1036 1487 1072 et
1514 1028 1597 1073 hac
1617 1035 1663 1073 et

266 1098 364 1144 illac
386 1115 536 1144 aurem
557 1099 789 1158 diligenter
810 1098 1065 1155 admoverit,
1091 1099 1383 1159 interrogatus
1404 1098 1515 1160 quid
1534 1099 1575 1143 ei
1593 1098 1662 1144 vi-

266 1170 436 1227 deatur,
458 1171 659 1216 dubitare
672 1185 716 1215 se
730 1169 859 1215 dicet.
874 1173 996 1229 Roga
1011 1185 1131 1215 nunc
1150 1172 1366 1226 Stoicum,
1387 1170 1484 1231 quis
1503 1170 1557 1214 sit
1568 1176 1662 1215 1110-

265 1239 362 1297 lior,
373 1241 674 1302 Epicurus-ne
695 1241 771 1302 qui
781 1239 965 1285 delirare
977 1239 1104 1286 illum
1115 1240 1291 1297 clamat,
1307 1256 1364 1285 an
1375 1239 1663 1286 Academicus

265 1312 342 1372 qui
362 1312 444 1356 sibi
466 1312 612 1357 adhuc
634 1310 689 1356 de
711 1326 757 1355 re
779 1319 902 1356 tanta
923 1310 1262 1356 deliberandum
1274 1326 1365 1356 esse
1387 1311 1659 1371 pronuntiat.

266 1386 404 1429 Nemo
433 1383 610 1428 dubitat
637 1380 949 1428 Academicum
979 1381 1212 1442 praelatum
1235 1381 1302 1426 iri.
1335 1384 1502 1427 'Riu'sus
1533 1390 1578 1427 te
1607 1382 1664 1427 ad

265 1454 392 1500 illum
414 1464 636 1511 converte,
662 1464 707 1499 et
727 1469 877 1515 quaere
899 1469 1032 1514 quem
1053 1454 1188 1512 magis
1206 1461 1346 1510 amet,
1375 1455 1614 1510 Zenonem,
1636 1469 1662 1499 a

266 1544 356 1589 quo
377 1528 515 1574 bestia
536 1527 789 1573 nominatur
807 1561 818 1583 ,
845 1542 901 1571 an
922 1525 1208 1582 Archesilam,
1247 1541 1271 1570 a
1303 1540 1393 1586 quo
1411 1525 1534 1570 audit
1559 1544 1570 1571 ε
1596 1527 1664 1570 Tu

266 1599 447 1644 fortasse
480 1613 633 1644 verum
668 1597 797 1653 dicis,
834 1595 911 1641 sed
946 1596 1167 1657 requiram
1201 1595 1468 1655 diligentius.
1505 1598 1667 1642 Nonne

268 1679 468 1730 apertum
490 1679 555 1714 est
571 1678 709 1714 totam
734 1667 854 1712 illam
876 1667 1097 1727 porticum
1128 1667 1351 1722 insanam,
1380 1665 1666 1712 Academicos
1719 1689 1728 1692 ·

267 1751 415 1786 autem
447 1756 539 1801 prce
566 1739 650 1785 illis
682 1737 900 1784 modestos
922 1746 1160 1798 cautosque
1181 1737 1380 1782 homines
1401 1736 1664 1798 videriEpi-

267 1815 399 1858 curo?
423 1815 488 1857 Ita
516 1826 722 1872 peraeque
750 1824 886 1870 prope
915 1808 970 1852 de
1002 1809 1207 1853 omnibus
1223 1808 1348 1853 sectis
1369 1807 1664 1868 copiosissime

268 1886 421 1929 Cicero
437 1881 802 1943 jocundissimum
818 1879 1067 1939 legentibus
1084 1879 1208 1940 quasi
1224 1878 1525 1939 spectaculum
1544 1894 1662 1939 prae-

267 1954 359 2009 bet,
376 1953 499 1998 velut
520 1951 755 1997 ostendens
777 1949 952 1995 nullum
969 1949 1147 1994 illorum
1161 1965 1250 1994 esse
1267 1951 1344 2010 qui
1357 1966 1448 1996 non
1465 1966 1566 1995 cum
1580 1951 1663 1996 sihi

268 2025 427 2085 primas
445 2032 587 2084 partes
606 2021 791 2077 dederit,
818 2020 939 2081 quod
960 2035 1134 2065 necesse
1148 2028 1227 2075 est,
1249 2019 1461 2066 secundas
1484 2021 1524 2064 ei
1546 2019 1665 2066 dicat

269 2095 388 2152 dare,
413 2110 547 2156 quem
568 2110 658 2139 non
683 2107 942 2153 repugnare,
978 2092 1055 2136 sed
1072 2091 1274 2136 dubitare
1295 2091 1581 2151 conspexerit.
1609 2096 1662 2138 In

268 2183 357 2227 quo
381 2181 461 2225 ego
476 2164 587 2210 nihil
610 2163 886 2218 adversabor,
910 2178 990 2208 nec
1009 2163 1067 2207 eis
1085 2161 1221 2207 ullam
1243 2160 1437 2206 auferam
1460 2161 1657 2221 gloriam.

270 2236 481 2282 Videatur
498 2251 599 2281 sane
613 2233 884 2296 quibuslibet
904 2234 1056 2280 Cicero
1075 2234 1147 2278 hic
1166 2248 1254 2277 non
1266 2232 1453 2293 jocatus,
1480 2233 1555 2278 sed
1572 2234 1662 2278 ina-

268 2308 341 2354 nia
365 2317 409 2354 et
443 2316 623 2353 ventosa
644 2305 869 2368 quaedam,
900 2304 1022 2367 quod
1049 2305 1104 2350 ab
1131 2305 1325 2365 ipsorum
1357 2305 1659 2352 Graeculorum

269 2379 444 2426 levitate
461 2378 684 2434 abhorret,
708 2377 832 2439 sequi
854 2386 898 2425 et
914 2376 1119 2437 colligere
1138 2374 1341 2425 voluisse.
