1888 3168
326 149 407 186 502
747 155 779 184 s.
817 156 1047 184 Avensa-mi
1081 157 1261 184 EPISCOPI

321 237 535 283 repressus
557 223 839 281 extinguitur.
864 223 1004 283 Major
1025 223 1142 267 enim
1164 232 1254 267 erat
1272 258 1281 274 ‚
1297 238 1397 267 cum
1410 238 1708 286 sequeremur,

321 311 409 339 non
436 304 579 339 tamen
603 294 781 339 omniuo
805 294 951 339 nullus
968 329 978 349 ‚
1002 294 1077 338 sed
1097 304 1212 339 certe
1236 294 1379 340 minor
1401 305 1465 341 est
1484 312 1585 342 cum
1608 313 1711 342 eum

321 366 604 421 refrenamus,
623 375 753 426 atque
767 366 824 410 ita
839 366 966 410 certis
983 365 1243 424 regressibus
1256 367 1310 411 ab
1326 367 1447 411 omni
1460 367 1713 414 lasciviente

321 446 468 491 motu,
498 437 543 481 in
568 453 658 498 quo
680 436 876 482 defectus
899 437 1095 482 essentiae
1117 447 1180 482 est
1203 438 1359 483 animae
1375 473 1386 494 ,
1427 437 1714 485 delectatione

319 508 365 552 in
393 508 568 552 rationis
597 523 800 553 numeros
824 508 1042 563 restituta,
1080 508 1135 553 ad
1174 511 1312 554 Deum
1338 517 1428 555 tota
1451 509 1539 555 vita
1566 519 1713 556 nostra

320 579 609 633 convertitur,
630 577 737 623 dans
753 579 923 638 corpori
942 594 1145 624 numeros
1163 580 1356 626 sanitatis
1367 615 1378 636 ,
1395 596 1486 626 non
1499 581 1713 641 accipiens

322 649 425 694 inde
448 651 643 695 laetitiam
658 672 668 708 3
685 650 805 711 quod
823 661 1030 711 corrupto
1049 652 1259 698 exteriore
1275 653 1452 698 homine
1467 688 1478 708 ,
1499 662 1543 699 et
1559 653 1652 714 ejus
1667 653 1712 698 in

322 721 476 767 melius
498 723 842 769 commutatione
865 724 1103 782 continget.

321 858 352 872 Ἃ
358 858 993 876 ΜΚΆΜἉἊΈΜΜΝἉΜΜΜΜ
999 860 1712 878 WWUNWWWSWWWWWWWWWWWWW

839 970 1057 1022 CAPUT
1103 974 1214 1022 XII.

530 1094 608 1140 De
630 1096 839 1140 numeris
866 1093 1196 1155 spiritualibus
1225 1103 1271 1140 et
1295 1096 1501 1141 (eternis.

381 1220 587 1263 XXXIV.
610 1223 789 1265 ExcmT
819 1231 964 1266 autem
996 1221 1204 1266 memoria
1232 1235 1322 1266 non
1351 1219 1494 1265 solum
1521 1217 1714 1264 carnales

320 1299 465 1334 motus
495 1291 649 1345 animi,
672 1292 726 1334 dc
747 1291 907 1350 quibus
930 1291 1121 1334 numeris
1144 1307 1273 1350 supra
1290 1293 1379 1351 jam
1401 1291 1611 1346 diximus,
1637 1289 1714 1335 sed

324 1362 454 1404 etiam
481 1359 747 1420 spirituales,
785 1360 839 1404 de
867 1361 1027 1421 quibus
1060 1360 1249 1404 breviter
1281 1361 1439 1404 dicam.
1471 1364 1570 1412 Quo
1597 1360 1713 1404 enim

322 1430 602 1490 simpliciores
625 1439 726 1474 sunt
743 1466 754 1483 ,
777 1446 828 1474 eo
846 1431 1078 1475 verborum
1102 1430 1268 1485 minus,
1285 1429 1360 1474 sed
1383 1429 1625 1489 plurimum
1647 1444 1714 1474 se—

323 1517 439 1545 renae
474 1502 630 1545 mentis
665 1501 928 1545 desiderant.
973 1500 1287 1561 AEqualitatem
1319 1500 1465 1556 illam,
1506 1516 1639 1561 quam
1668 1500 1714 1544 in

321 1571 598 1616 sensibilibus
621 1572 811 1615 numeris
834 1588 923 1617 non
941 1573 1261 1631 reperiebamus
1280 1581 1442 1616 certam
1467 1580 1511 1616 et
1529 1586 1713 1615 manen-

322 1653 433 1697 tem,
468 1642 543 1686 sed
565 1651 711 1686 tamen
736 1641 1040 1686 adumbratam
1062 1651 1107 1687 et
1137 1651 1476 1702 praetereuntem
1504 1656 1715 1701 agnosce-

320 1715 495 1768 bamus,
520 1728 738 1773 nusquam
761 1711 957 1773 profecto
979 1721 1204 1772 appeteret
1229 1714 1421 1768 animus,
1448 1712 1528 1757 nisi
1550 1711 1713 1757 alicubi

323 1794 427 1830 nota
455 1794 590 1830 esset:
625 1785 710 1830 hoc
733 1794 880 1830 autem
903 1783 1064 1830 alieubi
1087 1800 1176 1829 non
1206 1785 1253 1829 in
1274 1784 1421 1844 spatiis
1451 1783 1650 1829 locorum
1672 1793 1715 1829 et

322 1868 600 1917 tempornm3
637 1872 738 1901 nam
776 1856 850 1901 illa
884 1866 1079 1912 tument,
1114 1866 1156 1902 et
1190 1856 1270 1901 ista
1306 1865 1589 1917 praetereunt.
1630 1856 1715 1901 Ubi

321 1944 424 1987 ergo
442 1926 862 1987 censes?responde,
889 1943 1054 1988 quaeso,
1080 1928 1114 1972 si
1133 1936 1271 1988 potes.
1296 1929 1396 1974 Non
1417 1927 1534 1971 enim
1556 1927 1602 1971 in
1615 1941 1715 1972 cor-

320 2015 478 2060 porum
496 1998 644 2043 formis
660 2008 785 2058 putas
802 2034 812 2053 ,
839 2014 946 2059 quas
963 1997 1133 2059 liquido
1159 1998 1353 2043 examine
1375 1996 1564 2058 aequales
1595 2013 1715 2042 nun-

320 2086 454 2131 quam
494 2069 638 2115 dicere
669 2069 847 2114 audebis
883 2089 891 2114 z
923 2079 999 2114 aut
1030 2070 1076 2114 in
1104 2079 1352 2129 temporum
1374 2067 1633 2124 intervallis,
1669 2068 1716 2113 in

321 2142 481 2203 quibus
498 2140 695 2185 similiter
715 2150 863 2185 utrum
880 2141 935 2185 sit
957 2139 1124 2201 aliquid
1147 2139 1371 2200 aliquanto
1389 2155 1521 2200 quam
1542 2148 1717 2199 oportet

318 2212 573 2272 productius
591 2211 661 2256 vel
682 2211 921 2271 correptius
935 2209 1056 2271 quod
1070 2225 1243 2254 sensum
1258 2208 1397 2269 fugiat
1411 2245 1421 2265 ,
1443 2210 1710 2268 ignoramus.

321 2283 445 2327 Illam
477 2283 639 2343 quippe
676 2282 972 2342 aequalitatem
997 2297 1147 2342 quaero
1178 2280 1254 2324 ubi
1294 2280 1537 2336 arbitreris,
1579 2295 1716 2341 quam

320 2354 537 2398 intuentes
555 2354 752 2413 cupimus
782 2352 966 2413 sequalia
989 2368 1078 2396 esse
1096 2351 1298 2412 quaedam
1317 2367 1498 2411 corpora
1519 2351 1589 2396 vel
1610 2367 1710 2396 eor-

319 2440 476 2484 porum
496 2435 662 2479 motus,
688 2433 731 2468 et
755 2423 1006 2483 diligentius
1027 2423 1345 2468 considerantes
1377 2423 1436 2467 eis
1460 2422 1594 2466 fidere
1621 2438 1712 2468 non

321 2494 543 2539 audemus.
578 2499 626 2538 D.
656 2495 722 2539 lbi
751 2505 859 2554 puto
883 2494 1002 2554 quod
1031 2503 1093 2539 est
1119 2494 1372 2553 corporibus
1407 2492 1711 2549 excellentius,
