1888 3168
492 210 612 235 mulir.
650 210 701 235 im
736 205 1091 234 111)1011’1·Λ1,1’1Ἀ’1·Ε
1126 205 1288 232 113111111-
1501 197 1582 232 225

194 273 274 318 nisi
305 273 427 334 quod
457 274 504 318 in
534 273 845 333 cogitationem
875 271 1058 316 venerit.
1091 273 1238 315 Potest
1260 270 1393 331 igitur
1421 270 1588 332 aliquid

193 359 284 389 esse
305 343 352 388 in
374 343 546 400 animo,
587 343 709 405 quod
737 357 827 388 esse
848 342 895 386 in
929 357 974 387 se
996 341 1166 386 animus
1185 341 1276 401 ipse
1298 356 1389 386 non
1411 342 1583 386 sentiat.

194 414 249 460 Id
270 425 416 460 autem
437 412 636 477 quandiu
666 414 720 459 sit
735 449 746 470 ‚
771 413 881 458 nihil
912 413 1107 457 interest.
1143 415 1344 473 Namque
1368 413 1402 457 si
1426 411 1588 458 diutius

194 486 327 533 fuerit
355 488 402 532 in
431 486 522 532 aliis
556 487 726 531 animus
759 495 1024 547 occupatus,
1067 500 1200 546 quam
1228 494 1278 530 ut
1299 484 1590 530 intentionem

195 574 318 605 suam
339 559 386 603 in
408 568 509 604 ante
533 558 722 618 cogitata
742 557 869 603 facile
889 557 1025 618 possit
1050 557 1274 601 reflectere
1290 592 1300 612 ,
1335 555 1498 601 oblivio
1519 556 1591 601 vel

194 630 410 691 imperitia
432 630 699 675 nominatur.
739 629 825 675 Sed
846 645 947 674 cum
968 627 1039 674 vel
1061 644 1139 674 nos
1162 628 1242 689 ipsi
1265 628 1496 674 nobiscum
1518 644 1590 673 ra-

194 701 454 747 tiocinantes
471 737 481 757 ‚
517 699 588 747 vel
625 701 681 746 ab
705 699 790 746 alio
818 700 932 745 bene
968 699 1225 760 interrogati
1247 699 1302 744 de
1325 699 1591 760 quibusdam

194 771 452 817 liberalibus
469 772 636 817 artibus
656 788 707 817 ea
728 788 828 834 quae
849 771 1097 817 invenimus
1114 807 1124 827 ‚
1150 787 1241 816 non
1264 770 1368 815 alibi
1391 787 1522 832 quam
1545 772 1592 816 in

196 845 340 890 animo
363 853 512 889 nostro
528 843 774 889 invenimus
797 864 805 889 2
830 859 976 905 neque
997 844 1042 888 id
1064 853 1128 888 est
1145 844 1340 888 invenire
1356 879 1366 899 ‚
1388 842 1510 905 quod
1526 842 1592 888 fa-

195 932 293 961 cere
316 924 392 960 aut
410 915 609 975 gignere3
629 914 825 977 alioquin
847 923 1010 959 aeterna
1033 915 1233 975 gigneret
1249 914 1418 960 animus
1438 914 1593 960 inven-

196 987 314 1032 tione
344 985 601 1046 temporali,
636 1002 739 1030 nam
761 995 923 1030 aeterna
956 1001 1071 1046 saepe
1098 986 1266 1031 invenit
1293 1005 1301 1031 ι
1344 985 1453 1047 quid
1475 986 1593 1030 enim

197 1070 287 1105 tam
315 1068 530 1104 aeternum
565 1075 699 1120 quam
733 1058 885 1104 circuli
924 1059 1059 1114 ratio⁷
1099 1058 1169 1103 vel
1193 1058 1227 1103 si
1260 1058 1368 1120 quid
1391 1057 1512 1103 aliud
1550 1059 1594 1102 in

195 1130 503 1191 hujuscemodi
526 1130 718 1186 artibus,
744 1146 826 1175 nec
849 1145 939 1174 non
962 1128 1092 1174 fuisse
1115 1129 1374 1191 aliquando,
1401 1146 1482 1174 1100
1504 1146 1594 1174 11011

196 1201 290 1247 fore
312 1201 733 1262 comprehenditur?
754 1200 1039 1246 manifestum
1064 1201 1194 1246 etiam
1211 1210 1275 1246 est
1300 1201 1594 1247 immortalem

197 1289 287 1318 esse
310 1274 506 1318 animum
531 1273 778 1317 humanum
794 1308 804 1328 ‚
847 1282 890 1317 et
911 1288 1061 1318 omnes
1099 1288 1221 1318 veras
1252 1273 1439 1318 rationes
1461 1273 1507 1317 in
1528 1289 1595 1317 sc-

197 1346 325 1390 cretis
357 1347 450 1407 ejus
477 1361 589 1401 esse,
617 1345 815 1406 quamvis
839 1360 908 1389 eas
931 1346 1019 1390 sive
1040 1344 1313 1403 ignoratione
1350 1345 1439 1390 sive
1483 1344 1597 1390 obli-

196 1417 324 1461 vione
340 1452 351 1473 ,
377 1426 453 1462 aut
469 1432 561 1462 non
581 1416 745 1461 habere
760 1451 771 1472 ,
798 1429 876 1461 aut
897 1416 1087 1461 amisisse
1103 1416 1225 1461 videa
1234 1425 1318 1461 tur.

197 1586 1054 1604 ΜΜΜΜΨἋΜΜἊΜΜΜἏἋἏΜ
1060 1586 1596 1604 maem=mmmwmmw

741 1714 958 1766 CAPUT
994 1717 1055 1766 V.

298 1848 506 1894 Animus
528 1864 625 1894 non
647 1858 864 1895 mutatur
884 1858 935 1895 ut
957 1848 1150 1895 desinat
1173 1866 1275 1896 esse
1297 1853 1503 1897 animus.

262 1987 363 2030 VII.
398 1987 521 2031 NUNC
545 1994 693 2030 autem
717 1995 934 2046 quatenus
954 1986 1205 2047 accipienda
1230 1987 1284 2032 sit
1301 1987 1435 2033 animi
1452 1999 1599 2036 muta-

203 2056 264 2102 tio
287 2055 526 2102 videamus.
556 2057 599 2102 Si
625 2057 744 2101 enim
766 2057 1014 2119 subjectum
1041 2067 1106 2103 est
1120 2059 1290 2104 animus
1312 2069 1402 2104 arte
1424 2061 1470 2104 in
1491 2062 1599 2106 sub-

198 2129 317 2188 jecto
340 2128 552 2173 existente
569 2164 580 2184 ‚
611 2144 756 2189 neque
781 2129 1031 2189 subjectum
1055 2129 1278 2174 immutari
1299 2140 1469 2191 potest,
1490 2130 1600 2194 quin

204 2208 249 2243 et
272 2198 317 2244 id
346 2199 467 2260 quod
489 2200 535 2244 in
555 2200 750 2261 subjecto
770 2209 834 2244 est
855 2200 1139 2256 immutetur,
1167 2202 1245 2262 qui
1266 2217 1495 2262 possumus
1515 2204 1598 2249 ol]-

205 2271 343 2315 tinerc
366 2271 686 2316 immutabilem
709 2288 798 2316 esse
821 2262 958 2316 artem
979 2281 1111 2333 atque
1136 2273 1349 2318 rationem
1363 2309 1373 2329 ‚
1399 2273 1434 2318 si
1454 2285 1599 2321 muta-

205 2342 304 2387 bilis
321 2342 491 2388 animus
507 2346 553 2388 in
575 2360 664 2405 quo
687 2342 762 2388 illa
785 2353 887 2388 sunt
902 2360 990 2389 csse
1008 2345 1309 2390 convincitur?
1328 2348 1436 2400 Quae
1453 2358 1601 2394 31110111

206 2414 344 2474 major
365 2429 500 2474 quam
521 2414 568 2458 in
585 2415 800 2459 contraria
816 2414 925 2459 solet
940 2431 1029 2460 esse
1051 2417 1236 2461 mutatio
1251 2453 1261 2472 ,
1287 2426 1330 2462 et
1352 2418 1448 2478 quis
1472 2431 1602 2479 negat
1664 2424 1667 2425 ⁷

208 2485 402 2529 animum
419 2520 429 2539 ‚
476 2494 526 2529 ut
555 2486 753 2531 omittam
782 2495 935 2530 caetera
954 2522 964 2541 ,
1001 2486 1185 2531 stultum
1209 2488 1336 2543 alias,
1374 2488 1475 2535 alias
1497 2507 1601 2536 vero

209 2572 298 2601 csse
320 2556 591 2616 sapientem?
626 2558 748 2602 Prius
772 2573 873 2616 crgo
897 2567 1007 2618 quot
1042 2558 1181 2604 modis
1211 2559 1473 2621 accipiatur,
1501 2580 1600 2624 quae

400 2638 522 2668 cvm.
1390 2633 1440 2673 15
