1888 3168
619 221 674 247 DE
711 216 870 247 MthIcA
904 218 988 246 Lm.
1024 218 1091 244 111.
1476 202 1559 241 387

461 287 587 347 Quae
610 283 768 331 lavitis
787 281 1020 344 capillum

451 355 768 416 Purpureum
788 353 1106 414 Hippocrene

452 426 636 482 Fonte,
671 423 913 488 ubifusus
934 423 1050 470 olim

451 496 670 557 Spumea
693 495 810 544 lavit
831 495 990 542 almas

459 566 564 615 Ora
575 566 714 632 jubis
745 567 945 628 aquosis

452 639 679 702 Pegasus
694 677 705 694 ‚
730 641 781 686 in
802 641 1036 686 nitentem

454 711 808 763 Pervolatzcrus
830 713 1056 760 aethram.

159 807 311 854 Cernis
327 805 528 868 profecto
551 809 750 870 quinque
767 809 1010 870 superiores
1031 804 1268 852 versiculos
1286 801 1444 848 eodem
1464 801 1563 847 loco

158 888 329 940 partem
346 879 552 924 orationis
568 880 732 924 habere
747 880 1025 925 terminatam
1041 915 1051 935 ‚
1071 876 1119 922 id
1140 886 1224 933 est,
1248 875 1294 920 in
1307 873 1562 920 choriambo

159 950 295 1011 pede,
322 949 394 999 cui
413 950 697 1011 subjungitur
712 951 922 996 bacchius
934 986 945 1007 ‚
965 959 1016 995 ut
1033 945 1299 995 versiculum
1314 943 1534 1006 compleat
1554 963 1563 988 :

161 1026 383 1083 (namque
405 1022 451 1066 hi
467 1021 675 1066 undecim
690 1022 946 1068 choriambo
969 1031 1012 1066 et
1026 1019 1210 1065 bacchio
1234 1016 1420 1079 pedibus
1443 1032 1571 1062 cons-

161 1096 288 1154 tant)
311 1103 490 1139 caeteros
512 1111 617 1140 vero
635 1105 819 1156 excepto
836 1111 928 1140 uno
944 1131 955 1152 ‚
977 1094 1142 1139 scilicet
1164 1089 1410 1155 Orccjubis
1425 1105 1573 1150 aquo-

161 1167 250 1223 sis,
275 1183 365 1212 non
381 1167 538 1213 eodem
556 1166 650 1212 loco
667 1168 832 1212 habere
849 1168 1129 1212 terminatam
1149 1174 1321 1226 partem
1343 1163 1566 1209 orationis.

162 1241 216 1284 D.
234 1241 378 1284 Cerno
398 1239 519 1285 istud
531 1240 728 1301 quidem,
747 1240 823 1285 secl
835 1256 924 1302 quo
935 1237 1153 1298 pertineat
1163 1253 1254 1282 non
1266 1235 1411 1282 video.
1427 1238 1488 1280 M.
1504 1236 1570 1279 Eo

162 1309 328 1356 seilicet
358 1320 410 1356 ut
445 1310 662 1372 intelligas
678 1348 688 1368 ‚
711 1312 797 1357 hoe
821 1318 1012 1354 metrum
1047 1325 1138 1354 non
1162 1310 1286 1371 quasi
1319 1307 1570 1368 legitimum

162 1380 311 1427 locum
333 1383 518 1437 habere,
541 1383 620 1425 ubi
644 1390 745 1426 ante
765 1381 899 1425 finem
916 1396 1066 1426 versus
1088 1381 1267 1426 finiatur
1284 1397 1383 1442 pars
1407 1379 1571 1425 oratio-

163 1452 231 1497 nis
253 1449 387 1497 :snam
407 1452 442 1497 si
462 1451 524 1497 ita
553 1461 689 1508 esset,
722 1468 873 1498 omnes
895 1452 1052 1498 eodem
1081 1453 1180 1499 loco
1206 1454 1328 1498 hunc
1355 1453 1574 1498 haberent

165 1521 400 1568 articulum
416 1559 428 1580 ‚
455 1533 532 1569 aut
553 1530 672 1569 certe
692 1524 907 1570 rarissime
928 1524 975 1570 in
995 1525 1063 1570 his
1091 1525 1363 1571 inveniretur
1383 1525 1461 1587 qui
1483 1540 1576 1571 non

164 1595 351 1642 haberet
377 1613 387 1640 :-
427 1611 548 1640 nunc
580 1611 686 1641 vero
723 1611 827 1641 eum
860 1596 947 1641 sint
982 1595 1190 1642 undecim
1206 1632 1217 1652 ‚
1255 1612 1328 1641 sex
1356 1596 1417 1641 ita
1440 1605 1544 1641 sunt
1560 1631 1571 1652 ‚

166 1667 367 1728 quinque
388 1683 479 1712 non
495 1668 570 1712 ita.
587 1670 639 1713 D.
653 1670 712 1713 Et
723 1668 808 1713 hoc
827 1667 1011 1729 accipio,
1025 1676 1069 1712 et
1083 1667 1228 1713 adhuc
1248 1684 1339 1730 quo
1351 1667 1461 1713 ratio
1479 1677 1575 1712 ten-

167 1736 245 1783 dat
277 1748 477 1800 expecto.
503 1742 566 1786 M.
593 1738 786 1786 Attende
816 1755 922 1797 ergo
949 1739 1081 1782 etiam
1109 1739 1158 1783 in
1177 1739 1259 1783 ista
1281 1739 1575 1800 pervulgatis-

168 1821 298 1856 slma:

199 1907 363 1953 Arma
381 1906 632 1967 virumque
646 1921 773 1961 cano
779 1942 796 1964 ,
823 1904 987 1970 Trojoe
1009 1906 1094 1965 qui
1103 1907 1291 1967 primus
1310 1905 1375 1953 ab
1398 1908 1518 1958 oris.v

171 2018 230 2062 Et
250 2031 307 2060 ne
327 2015 514 2076 longum
530 2014 741 2060 faciamus
755 2050 766 2071 ,
791 2014 895 2076 quia
912 2031 1090 2060 carnem
1106 2015 1384 2061 notissimum
1400 2025 1466 2062 est
1480 2052 1491 2073 ‚
1517 2017 1574 2062 ab

168 2088 254 2133 hoc
274 2103 404 2132 versu
424 2102 566 2148 usque
587 2085 644 2131 ad
665 2101 800 2147 quem
820 2086 1008 2132 volueris
1043 2087 1221 2148 explora
1242 2087 1438 2149 singulos
1460 2110 1472 2148 3
1503 2089 1574 2134 in-

171 2159 318 2204 venies
337 2159 505 2203 finitam
521 2167 692 2219 partem
709 2158 915 2203 orationis
928 2158 974 2202 in
987 2159 1145 2220 quinto
1162 2160 1409 2221 semipede:
1430 2160 1476 2206 id
1493 2171 1573 2217 est,

173 2230 220 2274 in
253 2229 429 2275 duobus
459 2228 648 2290 pedibus
670 2238 714 2273 et
746 2228 920 2274 semisse
947 2250 955 2275 2
980 2246 1084 2275 nam
1110 2231 1156 2276 hi
1188 2247 1337 2277 versus
1375 2242 1579 2278 constant

175 2300 362 2361 pedibus
383 2310 701 2362 quaternorum
719 2310 990 2362 temporum:
1018 2320 1154 2365 quare
1169 2304 1250 2349 iste
1269 2305 1366 2350 finis
1385 2341 1395 2361 ⁷
1411 2305 1467 2351 de
1488 2322 1578 2368 quo

177 2373 320 2432 agitur
340 2373 474 2432 partis
493 2372 723 2428 orationis,
744 2373 868 2433 quasi
889 2372 1112 2433 legitimus
1124 2375 1170 2419 in
1187 2374 1359 2421 decimo
1383 2385 1580 2438 tempore

178 2452 256 2488 est.
283 2446 335 2488 D.
362 2441 646 2488 Manifestum
664 2452 742 2488 est.

239 2516 315 2558 IV.
349 2516 411 2559 M.
436 2516 535 2558 Jam
556 2530 660 2574 ergo
682 2512 887 2574 intelligis
910 2515 1025 2559 inter
1056 2515 1131 2560 illa
1153 2515 1242 2562 duo
1266 2533 1446 2577 genera,
1480 2535 1582 2579 quae

180 2594 282 2632 ante
303 2584 384 2631 ista
401 2584 598 2646 exempla
632 2601 968 2646 proposueram,
995 2587 1195 2633 nonnihil
1231 2589 1390 2634 distare
1418 2609 1426 2635 ;
1461 2589 1583 2651 quod

1317 2662 1384 2702 525.
