1852 3163
629 149 684 177 DE
717 149 878 178 ORDINE
911 149 996 177 ΜΒ.
1032 148 1081 176 11.
1491 139 1571 178 187

175 234 266 282 quo
287 217 473 275 vellent,
494 226 643 262 tamen
679 229 783 262 cum
812 232 862 261 ea
894 225 1167 271 moveretur,
1193 231 1283 261 non
1302 222 1480 277 possent
1514 216 1577 262 illi

175 292 253 355 qui
273 291 437 336 ibidem
458 290 685 336 constituti
697 299 801 335 sunt
817 305 908 335 non
924 289 1106 334 moveri.
1123 290 1222 334 Non
1234 325 1244 344 ‚
1264 289 1325 334 ait
1337 289 1575 347 Licenfflus,

176 366 346 411 animus
368 364 429 409 ita
443 372 507 408 est
524 363 570 407 in
581 378 763 424 corpore
775 398 786 419 ,
803 372 855 408 ut
869 378 1033 423 corpus
1048 360 1235 422 imperet
1248 361 1409 407 animo.
1426 364 1580 424 Neque

174 439 261 483 hoc
290 452 371 496 ego
400 435 521 491 dico,
554 436 764 496 inquam:
792 434 868 480 sed
898 435 1030 479 etiam
1062 448 1196 495 eques
1224 437 1315 478 non
1342 433 1403 478 ita
1441 444 1505 478 est
1536 435 1583 478 in

177 524 314 571 equo,
340 516 390 552 ut
412 506 452 551 ei
488 522 627 567 equus
649 507 866 568 imperet3
891 515 936 552 et
956 515 1104 551 tamen
1127 504 1327 567 quamvis
1357 508 1447 568 quo
1477 505 1583 551 velit

177 582 239 626 ire
260 595 427 642 equum
445 588 569 638 agat,
590 595 705 641 equo
724 589 844 625 moto
867 587 1097 625 moveatur
1118 581 1292 623 necesse
1313 586 1392 622 est.
1416 581 1581 633 Potest,

177 653 345 716 inquit,
366 651 517 697 sedere
534 652 626 713 ipse
639 652 890 698 immobilis.
906 652 1036 713 Cogis
1048 667 1148 707 nos,
1173 651 1357 712 inquam
1370 686 1381 706 ,
1402 650 1584 696 definire

178 725 289 788 quid
309 726 366 771 sit
385 725 578 771 moveri:
612 725 735 787 quod
756 726 791 770 si
814 735 960 786 potes,
986 723 1119 770 facias
1140 723 1256 769 volo.
1280 727 1485 779 Prorsus,
1512 723 1584 767 111-

179 798 297 860 quit,
321 805 497 842 maneat
514 813 664 858 quaeso
685 797 949 842 beneficium
972 806 1122 852 tuum,
1149 811 1253 840 nam
1275 804 1425 840 manet
1440 804 1587 855 postu-

177 870 283 916 latio
306 885 429 916 mea:
454 878 499 914 et
520 885 576 914 ne
598 885 669 915 me
692 886 841 915 rursus
866 869 1130 929 interroges,
1151 877 1303 913 utrum
1335 867 1442 911 mihi
1479 865 1589 911 defi-

178 943 273 988 nire
294 941 489 1003 placeat:
519 942 699 1004 quando
721 941 769 988 id
788 941 931 987 facere
959 951 1147 1003 potuero
1165 976 1176 996 ‚
1201 940 1293 1001 ipse
1325 939 1583 1000 profitebor.

179 1017 288 1069 Quae
320 1030 422 1059 cum
443 1013 563 1059 dicta
597 1024 740 1059 essent
756 1050 767 1071 ,
793 1030 904 1076 puer
922 1013 976 1058 de
999 1013 1132 1058 domo
1160 1012 1231 1058 cui
1255 1011 1514 1058 dederamus
1542 1010 1589 1055 id

179 1086 365 1145 negotii,
391 1086 588 1131 cucurrit
609 1085 665 1130 ad
682 1102 761 1131 nos
775 1122 785 1142 ,
807 1095 852 1131 et
872 1086 1027 1131 horam
1048 1084 1222 1146 prandii
1244 1099 1333 1128 esse
1350 1083 1585 1128 nuntiavit.

183 1160 295 1202 Tum
332 1172 439 1217 ego:
465 1157 585 1212 Quid
621 1158 696 1214 sit,
717 1158 924 1219 inquam,
948 1157 1136 1211 moveri,
1162 1171 1254 1201 non
1289 1155 1473 1200 definire
1510 1169 1590 1199 nos

179 1245 290 1291 puer
317 1231 397 1275 iste
415 1266 425 1286 ‚
451 1228 528 1274 sed
550 1230 653 1290 ipsis
671 1229 809 1274 oculis
832 1229 949 1288 cogit
972 1226 1219 1272 ostendere.
1246 1229 1409 1272 Eamus
1432 1227 1586 1285 igitur,

181 1311 225 1346 et
246 1301 302 1346 de
318 1301 401 1346 isto
425 1300 523 1345 loco
546 1301 593 1344 in
610 1300 745 1344 alium
779 1299 929 1345 locum
952 1309 1246 1344 transeamus:
1267 1314 1371 1344 nam
1392 1298 1505 1343 nihil
1527 1306 1591 1344 est

182 1371 327 1428 aliud,
353 1372 436 1417 nisi
460 1370 611 1429 fallor,
648 1371 830 1418 moveri.
858 1371 940 1418 Hic
972 1387 1074 1417 cum
1108 1371 1369 1428 arrisissent,
1391 1370 1590 1416 discessi-

182 1460 296 1490 mus.

183 1549 1592 1568 mmmmmwummmmmwukumwummmmm

711 1650 932 1700 CAPUT
973 1649 1061 1699 ΥΡ
1072 1688 1082 1698 .

730 1776 976 1809 DISPUTATIO
1000 1777 1042 1810 11,

529 1877 676 1923 Mens
707 1878 944 1937 sapientis
975 1875 1248 1923 immobilis.

246 2004 372 2048 XIX.
409 2005 475 2048 AT
496 2002 575 2047 ubi
598 2000 830 2047 refecimus
852 2018 1056 2064 corpora,
1082 2004 1294 2064 quoniam
1323 2004 1489 2050 coelum
1512 2005 1594 2050 ob-

190 2077 375 2123 duxerat
398 2076 538 2120 nubes
555 2112 565 2132 ,
591 2074 720 2120 solito
738 2075 837 2120 loco
870 2076 916 2120 in
938 2076 1097 2122 balneo
1126 2077 1418 2123 consedimus.
1447 2081 1596 2140 Atque

192 2164 299 2209 ego:
324 2147 537 2194 Concedis
580 2164 706 2208 ergo,
738 2148 919 2210 inquam
938 2185 948 2205 ‚
974 2149 1167 2207 Licenti‚
1208 2150 1318 2195 nihil
1354 2167 1444 2196 esse
1475 2151 1595 2197 aliud
1632 2166 1634 2168 ’

192 2229 363 2265 motum
385 2235 519 2281 quam
541 2218 596 2265 de
623 2220 722 2266 loco
749 2220 796 2265 in
817 2210 966 2266 locum
988 2223 1248 2267 transitum?
1270 2222 1500 2279 Concedo,
1525 2224 1595 2267 in-

193 2294 305 2355 quit.
348 2292 562 2338 Concedis
584 2308 688 2354 ergo
705 2330 716 2351 ,
741 2295 924 2355 inquam
939 2330 951 2351 ,
979 2295 1200 2340 neminem
1233 2297 1280 2340 in
1311 2312 1363 2341 eo
1384 2295 1482 2342 loco
1505 2313 1596 2342 esse

194 2365 240 2409 111
258 2379 348 2426 quo
371 2380 461 2409 non
482 2363 649 2422 fuerat,
671 2375 714 2410 et
741 2376 912 2411 motum
939 2382 1030 2411 non
1064 2366 1221 2412 fuisse?
1242 2370 1342 2413 Non
1370 2368 1592 2427 intelligo,

194 2438 353 2499 inquit.
378 2438 420 2484 Si
435 2437 568 2499 quid,
586 2438 791 2500 inquam,
812 2440 857 2484 in
881 2438 965 2484 alio
980 2438 1078 2486 loco
1098 2440 1185 2486 fuit
1197 2440 1392 2498 dudum,
1419 2451 1462 2486 et
1476 2457 1595 2486 nunc

245 2550 303 2581 Ι111
318 2549 412 2583 editis
435 2547 601 2583 veteribus
614 2573 623 2592 ‚
642 2554 739 2593 caput
762 2549 846 2585 male
863 2549 978 2593 incipit
995 2560 1069 2583 cum
1087 2561 1220 2584 numero
1235 2551 1456 2594 praecodente.
