1888 3168
276 231 361 269 396
711 240 744 268 s.
781 240 1013 271 Arcesi-lm
1047 240 1227 271 EPISCOPI

273 307 433 353 seilicet
458 307 499 351 hi
518 322 667 352 omnes
686 308 817 368 pedes
836 318 1149 369 quaternarum
1172 308 1440 367 syllabarum
1454 346 1465 367 ‚
1486 322 1664 374 excepto

273 378 610 438 amphibracho,
638 379 895 438 rhythmum
918 378 1106 434 faciunt,
1128 379 1174 424 id
1191 390 1274 437 est,
1305 381 1597 442 principatum
1619 384 1666 428 in

274 449 480 506 rhythmo
492 458 665 505 tenent,
685 465 874 511 eumque
888 465 968 495 usu
986 460 1029 495 et
1050 451 1227 495 nomine
1244 452 1463 497 efficiunt:
1482 451 1546 496 illi
1563 467 1667 499 vero

271 522 346 583 qui
370 520 515 580 plures
538 537 671 582 quam
694 531 884 583 quatuor
913 522 1103 582 syllabas
1125 524 1312 580 habent,
1337 524 1467 569 multi
1489 524 1667 586 quidem

271 609 355 658 pro
373 593 437 637 his
474 593 577 654 poni
600 604 809 654 possunt,
835 594 911 639 sed
932 595 1013 655 ipsi
1037 611 1114 656 per
1148 611 1192 640 se
1215 597 1472 655 rhythmum
1500 595 1665 652 facere,

273 681 321 709 ac
345 664 540 723 rhythmi
558 680 718 709 nomen
737 665 936 710 obtinere
950 682 1040 711 non
1057 676 1261 727 possunt,
1287 676 1331 712 et
1346 667 1445 712 ideo
1468 683 1523 713 ne
1536 666 1668 727 pedes

273 734 453 796 quidem
475 736 577 780 istos
599 734 882 795 appellandos
904 737 1163 797 putaverim.
1191 738 1488 791 Quamobrem
1507 752 1669 798 repug-

271 807 418 852 nantia
446 807 520 852 illa
547 823 645 868 quae
666 822 745 852 nos
766 809 972 854 movebat
987 845 998 865 ‚
1017 810 1133 870 jam,
1159 819 1208 854 ut
1225 810 1404 870 opinor,
1431 811 1670 871 composita

270 887 390 923 estet
419 879 557 939 sopita
577 900 587 937 3
614 879 977 941 quandoquidem
993 879 1098 925 licet
1108 890 1151 925 et
1163 880 1309 941 plures
1331 881 1520 940 syllabas
1538 896 1671 942 quam

271 959 460 1010 quatuor
480 966 558 1010 pro
581 949 730 1011 aliquo
743 952 854 1011 pede
871 967 1034 1011 ponere
1048 987 1058 1006 ,
1076 961 1120 996 et
1136 951 1295 1012 pedem
1317 962 1465 996 tamen
1487 968 1577 996 non
1599 968 1673 1011 ap-

269 1021 452 1081 pellare,
477 1021 558 1066 nisi
581 1037 682 1066 eum
696 1039 784 1083 quo
797 1023 1031 1081 rhythmus
1045 1023 1273 1068 efficiatur.
1295 1024 1543 1084 Oportebat
1556 1024 1673 1068 enim

269 1091 369 1151 pedi
408 1093 615 1137 constitui
650 1092 843 1154 aliquem
866 1093 1048 1138 modum
1071 1093 1381 1154 progressionis
1402 1095 1451 1138 in
1474 1093 1668 1152 syllabis.

271 1167 310 1208 Is
335 1173 481 1209 autem
503 1164 660 1210 modus
682 1166 888 1210 constitui
910 1167 1074 1227 optime
1095 1166 1264 1226 potuit,
1286 1167 1363 1228 qui
1399 1165 1454 1210 de
1470 1167 1562 1226 ipsa
1587 1182 1674 1210 nu·-

269 1252 489 1280 merorum
508 1237 675 1282 ratione
690 1237 923 1282 translatus
935 1238 981 1282 in
999 1239 1277 1299 quaternario
1292 1238 1499 1283 constitit.
1516 1241 1674 1298 Itaque

268 1307 500 1366 longarum
521 1306 792 1366 syllabarum
808 1317 999 1369 quatuor
1012 1324 1087 1368 pes
1106 1324 1196 1354 esse
1217 1309 1378 1369 potuit.
1395 1310 1511 1354 Cum
1527 1317 1674 1353 autem

267 1394 348 1438 pro
370 1394 421 1422 eo
444 1379 596 1424 breves
631 1388 731 1423 octo
754 1379 1081 1434 constituimus,
1107 1380 1318 1438 quoniam
1350 1387 1525 1427 tantum
1548 1378 1675 1436 spatii

268 1451 435 1495 habent
466 1450 511 1493 in
549 1459 767 1510 tempore⁷
789 1467 869 1510 pro
892 1450 1030 1495 altero
1050 1450 1156 1510 poni
1195 1458 1391 1509 possunt.
1427 1449 1540 1501 Quia
1570 1463 1675 1493 vero

268 1521 507 1580 legitimam
520 1522 866 1581 progressionem
883 1558 893 1577 ‚
912 1522 960 1566 id
977 1531 1061 1576 est,
1088 1520 1421 1581 quaternarium
1438 1534 1675 1564 numerum

270 1591 509 1647 excedunt,
523 1607 603 1652 pro
615 1607 658 1636 se
670 1592 751 1651 ipsi
765 1592 869 1651 poni
888 1608 936 1636 ac
950 1592 1211 1649 rhythmum
1226 1591 1401 1649 gignere
1412 1625 1422 1644 ,
1443 1605 1534 1633 non
1548 1604 1676 1634 sensu

270 1663 441 1706 aurium
454 1698 464 1718 ‚
483 1662 559 1706 sed
572 1661 815 1722 disciplinae
830 1661 924 1721 lege
942 1661 1234 1721 prohibentur
1252 1679 1260 1706 :
1277 1659 1358 1705 nisi
1376 1658 1676 1706 contradicere

271 1732 440 1792 aliquid
459 1748 600 1791 paras.

331 1805 460 1846 XIII.
499 1805 550 1846 D.
588 1805 699 1845 Paro
712 1816 814 1845 sane
829 1836 839 1856 ,
866 1809 909 1844 et
919 1801 1012 1860 jam
1032 1798 1204 1844 faciam.
1220 1803 1331 1846 Nam
1346 1799 1454 1861 quid
1469 1801 1677 1860 impedie-

274 1874 352 1917 bat
374 1888 514 1933 usque
538 1870 593 1915 ad
617 1871 890 1916 octonarium
923 1886 1158 1914 numerum
1180 1869 1451 1929 syllabarum
1471 1870 1676 1931 progredi

272 1945 455 2004 pedem⁷
483 1958 584 1987 011111
619 1942 824 1986 eumdem
856 1957 1090 1986 numerum
1128 1941 1183 1985 ad
1211 1942 1470 1999 rhythmum
1505 1940 1676 1986 admitti

274 2030 396 2074 posse
429 2013 683 2057 videamus?
706 2015 857 2073 Neque
881 2013 997 2056 enim
1029 2028 1098 2056 me
1128 2021 1298 2067 movet,
1325 2011 1445 2072 quod
1478 2027 1557 2071 pro
1592 2011 1676 2056 alio

272 2087 379 2131 dieis
403 2085 598 2140 admitti,
624 2085 712 2128 imo
734 2085 818 2129 1100
852 2100 922 2129 me
953 2084 1089 2143 magis
1124 2083 1332 2129 admonet
1367 2098 1586 2144 quaerere,
1607 2083 1676 2129 vel

273 2157 417 2217 potius
436 2155 594 2217 quaeri,
624 2154 746 2216 quod
762 2171 851 2199 non
875 2155 1007 2199 etiam
1030 2170 1109 2199 suo
1132 2155 1310 2199 nomine
1333 2153 1578 2199 admittitur
1600 2154 1677 2214 qui

272 2244 352 2288 pro
373 2227 455 2270 alio
478 2235 636 2286 potest.
658 2228 718 2270 M.
740 2228 840 2270 Non
863 2225 1024 2269 mirum
1047 2234 1135 2280 est,
1159 2224 1279 2285 quod
1302 2225 1372 2269 1110
1396 2223 1556 2269 falleris
1574 2245 1585 2282 3
1601 2225 1677 2269 sed

273 2298 410 2343 facilis
433 2297 660 2357 explicatio
682 2297 772 2340 veri
795 2306 873 2341 est.
902 2299 1012 2342 Nam
1034 2305 1085 2340 ut
1106 2296 1308 2340 omittam
1330 2305 1452 2340 tanta
1473 2311 1574 2355 quae
1596 2311 1676 2355 pro

274 2369 550 2429 quaternario
585 2382 769 2411 numero
788 2369 880 2427 jam
903 2376 1003 2411 ante
1021 2367 1241 2427 disputata
1277 2376 1402 2422 sunt,
1425 2382 1505 2411 cur
1534 2382 1676 2427 usque

276 2440 332 2484 ad
364 2438 486 2483 illurn
512 2439 603 2482 fleri
628 2438 786 2482 debeat
807 2438 1050 2498 progressio
1073 2436 1362 2496 syllabarum,
1387 2437 1456 2481 fac
1492 2452 1563 2481 me
1584 2438 1675 2497 jam

274 2510 445 2555 cessisse
483 2510 562 2554 tibi
585 2519 627 2554 et
649 2509 912 2554 consensisse
947 2524 1085 2569 usque
1122 2508 1168 2552 in
1202 2518 1301 2553 octo
1339 2506 1529 2566 syllabas
1550 2507 1675 2568 pedis

274 2581 434 2625 debere
470 2580 787 2638 longitudinem
818 2581 1004 2640 porrigi:
1036 2595 1142 2624 num
1166 2579 1361 2624 resistere
1383 2578 1546 2639 poteris
1578 2592 1670 2622 esse
