1852 3163
705 161 760 188 DE
794 160 955 188 onmmz
988 160 1072 186 Lm.
1110 160 1158 185 11.
1553 146 1636 186 205

236 243 371 288 quam
397 227 670 272 dialecticam
690 227 877 271 vocant?
899 227 1006 270 Haee
1028 223 1159 268 docet
1186 221 1367 277 docere,
1392 223 1486 268 haec
1512 221 1641 268 docet

236 299 403 344 discere
428 319 436 345 z
462 300 508 344 in
524 300 607 344 hac
629 314 672 343 se
687 298 780 360 ipsa
801 297 911 343 ratio
934 296 1206 341 demonstrat
1228 304 1360 356 atque
1378 295 1518 355 aperit
1539 312 1640 357 quac

235 371 312 427 sit,
339 370 450 433 quid
472 368 601 426 velit,
627 368 739 431 quid
765 368 923 414 valeat.
956 368 1047 414 Scit
1073 367 1182 412 scire
1206 385 1216 413 ;
1252 365 1343 411 sola
1365 367 1548 411 scientes
1570 366 1640 411 fa-

236 458 334 487 cere
357 458 448 487 non
468 441 613 487 solum
633 440 756 498 vult,
783 440 860 485 sed
881 440 1011 485 etiam
1047 448 1208 500 potest.
1235 440 1403 482 Verum
1430 438 1642 498 quoniam

236 514 497 577 plerumque
514 514 637 560 stulti
658 514 860 559 homines
883 512 940 559 ad
957 528 1007 558 ea
1024 528 1124 574 quae
1148 509 1390 557 suadentur
1407 520 1541 567 recte,
1559 511 1644 555 uti-

236 587 336 634 liter
353 597 398 633 et
417 589 602 633 honeste
614 623 625 644 ,
647 603 738 633 non
750 587 889 648 ipsam
903 585 1236 632 sincerissimam
1255 599 1390 646 quam
1408 599 1530 628 rarus
1546 583 1643 627 ani-

235 677 334 706 mus
350 661 472 707 videt
492 661 745 718 veritatem,
770 664 846 705 sed
869 660 1066 721 proprios
1080 674 1229 704 sensus
1254 656 1644 703 consuetudinem-

236 749 323 794 que
346 723 594 790 sectantum¹
612 733 845 794 oportebat
877 748 949 777 eos
971 747 1062 776 non
1086 730 1234 776 doceri
1256 728 1401 775 solum
1423 738 1644 790 quantum

235 815 423 868 queunt,
445 806 522 852 sed
543 822 657 867 saepe
681 815 724 851 et
742 805 929 850 maxime
943 804 1226 850 commoveri.
1253 805 1378 848 Hanc
1398 817 1519 846 suam
1542 817 1646 862 par-

236 888 326 924 >tem
348 895 449 940 quae
479 879 524 924 id
547 888 718 939 ageret7
756 877 1022 923 necessitatis
1044 876 1291 937 pleniorem
1317 890 1452 936 quam
1474 873 1645 934 purita-

236 952 311 1008 tis,
338 951 620 996 refertissimo
644 951 809 1010 gremio
831 949 1089 994 deliciarum
1103 985 1113 1004 ‚
1135 963 1243 1010 quas
1254 946 1421 1009 populo
1442 955 1642 1006 spargat,

235 1033 287 1068 ut
309 1022 365 1068 ad
387 1023 626 1068 utilitatem
655 1039 779 1069 suam
807 1022 1018 1082 dignetur
1048 1019 1233 1075 adduci,
1265 1018 1438 1064 vocavit
1457 1017 1646 1063 rhetori-

236 1111 348 1140 cam.
376 1097 602 1140 Hactenus
630 1110 729 1155 pars
756 1093 831 1138 illa
855 1109 956 1154 quae
978 1093 1025 1136 in
1053 1090 1343 1151 significando
1379 1087 1647 1134 rationabilis

236 1165 415 1223 dicitur,
441 1165 596 1212 studiis
612 1164 870 1211 liberalibus
892 1162 1220 1225 disciplinisque
1241 1170 1443 1222 promota
1467 1170 1546 1206 est.

235 1332 1649 1358 WWWM'UMWWMWWWWWWVMWWWWWWWWWWWWWWWW

737 1463 958 1513 CAPUT
996 1463 1136 1512 XIV.

236 1599 437 1647 Musica
476 1608 524 1646 et
555 1601 772 1659 poetica.
813 1625 872 1633 --
918 1596 1125 1658 Triplex
1160 1612 1321 1643 sonus.
1367 1623 1425 1635 —-
1462 1593 1649 1644 Versus

656 1668 800 1716 uncle.
837 1697 895 1704 —-
926 1668 1217 1730 Rhymmus.

296 1811 507 1856 XXXIX.
535 1809 648 1854 HINC
666 1823 710 1853 se
733 1807 808 1852 illa
822 1807 932 1852 ratio
947 1805 1004 1852 ad
1025 1807 1219 1867 ipsarum
1232 1820 1381 1850 rerum
1398 1804 1648 1850 divinarum

238 1882 534 1928 beatissimam
546 1878 965 1940 contemplationem
979 1894 1131 1939 rapere
1143 1877 1299 1923 voluit.
1314 1876 1401 1923 Sed
1416 1872 1471 1922 ne
1485 1876 1540 1921 de
1560 1876 1649 1922 alto

239 1954 439 2009 caderet,
463 1951 669 2014 quaesivit
704 1950 887 2011 gradus,
913 1960 1056 2012 atque
1077 1950 1171 2010 ipsa
1193 1949 1276 1994 sibi
1307 1948 1424 1993 viam
1445 1964 1522 2009 per
1552 1964 1650 1995 suas

238 2026 529 2088 possessiones
566 2022 857 2084 ordinemque
900 2022 1054 2067 molita
1087 2031 1165 2066 est.
1213 2019 1498 2066 Desiderabat
1531 2019 1648 2064 enim

237 2096 639 2159 pulchritudinem,
666 2110 802 2156 quam
836 2093 926 2139 sola
961 2102 1005 2138 et
1036 2092 1219 2153 simplex
1252 2101 1402 2153 posset
1433 2091 1525 2136 sine
1557 2090 1649 2136 istis

240 2169 377 2216 oculis
393 2169 555 2214 intueri
569 2190 579 2228 3
595 2167 921 2228 impediebatur
941 2182 965 2211 a
981 2165 1194 2211 sensibus.
1208 2168 1365 2226 Itaque
1382 2164 1429 2208 in
1447 2179 1518 2208 eos
1532 2165 1649 2224 ipsos

239 2241 473 2303 paululum
495 2241 633 2286 aciem
654 2239 800 2295 torsit,
817 2239 894 2300 qui
915 2237 1144 2283 veritatem
1158 2253 1249 2282 sese
1265 2237 1429 2281 habere
1452 2235 1647 2280 claman-

241 2324 304 2359 tes
321 2350 332 2370 ,
358 2312 638 2358 festinantem
666 2313 722 2357 ad
745 2311 827 2356 alia
849 2326 1053 2371 pergere,
1078 2310 1335 2370 importuno
1360 2308 1546 2368 strepitu
1575 2323 1646 2351 re-

239 2386 474 2432 vocabant.
495 2388 553 2430 Et
568 2384 711 2446 primo
736 2384 790 2428 ab
814 2381 992 2428 auribus
1015 2381 1172 2442 coepit,
1199 2381 1303 2443 quia
1325 2379 1532 2425 dicebant
1553 2378 1646 2439 ipsa

241 2458 375 2504 verba
404 2473 482 2504 sua
505 2473 617 2515 esse,
637 2456 799 2519 quibus
819 2457 911 2518 jam
932 2464 976 2500 et
1000 2454 1327 2515 grammaticam
1364 2462 1408 2498 et
1443 2450 1644 2497 dialecti-

243 2547 338 2577 cam
362 2540 406 2576 et
426 2530 688 2576 rhetoricam
708 2528 884 2575 fecerat.
900 2531 959 2575 At
974 2527 1054 2572 ista
1068 2525 1369 2588 potentissima
1387 2521 1643 2570 secernendi
