1852 3163
650 186 704 212 DE
737 186 896 212 onnnw,
930 186 1011 211 Lm.
1049 185 1096 211 11.
1492 172 1571 210 201

186 268 281 296 sum
305 250 622 296 rationabiliter
637 266 725 295 0330
742 250 1049 310 compositum,
1068 249 1256 293 suavitas
1280 258 1462 293 vocatur
1479 264 1579 309 pro-

185 324 280 384 prio
297 325 388 384 jam
421 322 614 368 nomine.
658 321 742 367 Sed
764 337 908 382 neque
930 321 976 365 in
996 319 1188 381 pulchris
1211 320 1341 363 rebus
1376 336 1477 364 cum
1500 336 1579 364 nos

184 394 305 440 color
326 394 470 449 illicit,
496 409 642 454 neque
659 394 704 437 in
719 394 890 438 aurium
910 392 1123 437 suavitate
1146 407 1246 435 cum
1274 391 1398 451 pulsa
1416 390 1579 435 chorda

185 466 309 527 quasi
330 464 496 526 liquide
530 474 654 510 sonat
692 475 823 526 atque
858 480 989 525 pure,
1016 461 1274 508 rationabile
1302 461 1415 506 illud
1438 461 1580 506 dicere

185 538 388 582 solemus.
414 540 566 581 Restat
583 552 685 596 ergo
703 546 753 581 ut
774 538 820 582 in
851 538 1034 582 istorum
1057 550 1265 580 sensuum
1286 533 1512 594 voluptate
1535 533 1581 578 id

185 608 241 653 ad
263 607 475 652 rationem
509 608 726 667 pertinere
746 609 990 664 fateamur,
1017 608 1094 652 ubi
1127 605 1334 669 queedam
1368 604 1581 650 dimensio

185 688 248 723 est
271 689 403 740 atque
426 679 688 726 modulatio.

243 753 450 796 XXXIV.
488 754 642 813 Itaque
665 752 712 797 in
733 753 816 797 hoc
838 753 930 813 ipso
948 751 1133 797 aedificio
1152 749 1323 810 singula
1343 749 1457 794 bene
1476 764 1584 794 con-

184 821 437 877 siderantes,
454 837 545 867 non
566 839 796 883 possumus
814 840 905 869 non
918 822 1101 876 offendi,
1124 822 1248 884 quod
1262 836 1403 865 unum
1424 820 1584 864 031111111

184 894 383 938 videmus
405 893 452 937 in
488 893 623 939 latere
639 931 650 951 ,
677 895 864 940 alterum
891 911 1028 956 prope
1056 895 1102 938 in
1124 893 1272 938 medio
1290 928 1300 948 ,
1328 908 1410 937 nec
1433 901 1582 937 vtamen

186 965 231 1009 111
267 964 413 1010 medio
434 964 713 1012 collocatum.
756 968 929 1028 Quippe
952 967 998 1011 in
1019 966 1149 1011 rebus
1172 964 1421 1020 fabricatis,
1462 962 1585 1007 nulla

185 1046 370 1096 cogente
390 1038 644 1082 necessitate
660 1074 671 1094 ‚
699 1039 851 1100 iniqua
875 1038 1089 1083 dimensio
1112 1037 1303 1097 partium
1334 1035 1478 1080 facere
1505 1035 1586 1094 ipsi

186 1108 383 1168 aspectui
409 1107 532 1153 velut
564 1108 803 1169 quamdam
827 1108 1003 1155 videtur
1034 1108 1256 1168 injuriam.
1282 1106 1413 1160 Quod
1436 1115 1584 1150 autem

185 1178 303 1222 intus
325 1187 412 1222 tres
435 1177 658 1235 fenestrae,
679 1196 768 1224 una
785 1179 830 1223 in
847 1178 1018 1234 medio,
1044 1177 1145 1222 duae
1168 1194 1191 1222 a
1209 1177 1442 1232 lateribus,
1468 1175 1588 1236 pari-

189 1249 271 1294 bus
295 1250 532 1295 intervallis
557 1252 664 1296 solio
685 1251 838 1296 lumen
856 1249 1124 1306 infundunt,
1146 1265 1280 1311 quam
1302 1265 1381 1294 nos
1400 1248 1589 1293 delectat

189 1319 441 1379 diligentius
463 1322 684 1367 intuentes
702 1358 712 1377 ,
737 1337 959 1383 quamque
978 1321 1024 1365 in
1041 1337 1085 1365 se
1106 1321 1303 1365 animum
1326 1320 1460 1380 rapit,
1492 1335 1589 1363 ma-

189 1390 345 1436 nifesta
367 1407 434 1437 res
473 1402 558 1449 est,
590 1409 670 1438 nec
695 1392 845 1437 multis
867 1392 1011 1438 verbis
1034 1392 1159 1438 vobis
1182 1391 1433 1453 aperienda.
1463 1389 1591 1436 Unde

190 1463 271 1524 ipsi
303 1464 529 1509 architecti
559 1465 651 1525 jam
673 1480 752 1510 suo
774 1463 910 1510 verbo
934 1464 1149 1508 rationem
1172 1464 1300 1508 istam
1332 1471 1519 1508 vocant:
1548 1470 1592 1506 et

190 1543 335 1595 partes
364 1535 623 1581 discorditer
655 1536 915 1592 collocatas,
958 1535 1112 1581 dicunt
1134 1551 1225 1581 non
1258 1535 1422 1580 habere
1455 1535 1591 1578 ratio-

192 1622 308 1651 nem.
331 1608 461 1661 Quod
484 1607 572 1652 late
592 1617 735 1668 patet,
761 1625 811 1653 ac
847 1624 960 1668 pene
989 1608 1037 1652 in
1060 1623 1211 1653 omnes
1235 1616 1347 1652 artes
1370 1621 1592 1666 operaque

192 1678 386 1723 humana
408 1678 690 1724 diffunditur.
714 1682 812 1724 Jam
842 1679 889 1723 in
919 1679 1207 1733 carminibus,
1233 1679 1279 1722 in
1301 1678 1464 1739 quibus
1485 1678 1593 1721 item

193 1748 378 1794 dicimus
413 1764 504 1794 esse
537 1750 752 1795 rationem
781 1750 836 1794 ad
866 1750 1141 1810 voluptatem
1164 1749 1337 1794 aurium
1367 1749 1592 1809 pertinen-

193 1830 305 1876 tem,
326 1821 422 1882 quis
445 1837 536 1866 non
558 1822 717 1866 sentiat
738 1821 1057 1866 dimensionem
1076 1836 1166 1866 esse
1188 1821 1322 1865 totius
1343 1821 1475 1882 hujus
1498 1835 1595 1864 sua-

191 1892 336 1937 vitatis
364 1893 595 1953 opificem?
621 1892 706 1938 Sed
734 1894 946 1938 histrione
969 1892 1179 1948 saltante,
1207 1907 1310 1937 cum
1332 1892 1446 1937 bene
1468 1908 1594 1953 spec-

195 1964 389 2008 tantibus
425 1973 570 2024 gestus
608 1963 672 2007 illi
714 1979 864 2009 omnes
901 1965 1024 2024 signa
1061 1964 1351 2019 sint‘rerum,
1393 1965 1594 2024 quamvis

194 2036 496 2081 membrorum
520 2052 779 2081 numerosus
800 2036 981 2098 quidam
1003 2045 1149 2081 motus
1172 2035 1322 2081 0011103
1345 2035 1498 2080 eadem
1521 2036 1595 2080 illa

196 2107 467 2152 dimensione
486 2107 701 2163 delectet,
727 2107 887 2151 dicitur
908 2117 1056 2152 tamen
1074 2107 1343 2153 rationabilis
1366 2106 1441 2152 illa
1464 2107 1595 2152 salta-

198 2178 286 2234 tio,
325 2178 447 2239 quod
483 2179 598 2223 bene
633 2178 811 2239 aliquid,
835 2179 1047 2237 significet
1084 2188 1128 2223 et
1161 2178 1390 2234 ostendat,
1417 2188 1596 2239 excepta

198 2265 405 2295 sensuum
426 2250 669 2310 voluptate.
701 2252 799 2295 Non
831 2250 947 2293 enim
974 2250 1008 2295 si
1031 2260 1269 2311 pennatam
1293 2253 1509 2294 Venerem
1528 2249 1597 2294 fa-

199 2323 310 2377 ciat,
331 2330 374 2364 et
396 2320 660 2381 Cupidinem
675 2320 906 2381 palliatum
925 2357 934 2376 ,
962 2322 1161 2382 quamvis
1176 2321 1222 2365 id
1239 2322 1349 2365 mira
1372 2322 1596 2365 membro-

199 2408 295 2436 rum
316 2392 510 2436 motione
531 2402 667 2453 atque
689 2391 978 2437 collocatione
1000 2392 1229 2452 depingat,
1257 2393 1407 2438 oculos
1422 2392 1598 2437 videtur

201 2463 451 2519 offendere,
477 2464 554 2508 sed
580 2480 658 2524 per
688 2463 838 2509 oeulos
862 2465 1055 2508 animum
1073 2500 1084 2521 ,
1111 2465 1181 2509 cui
1203 2480 1350 2509 rerum
1377 2465 1500 2523 signa
1525 2464 1597 2508 illa

201 2544 502 2581 monstrantur
530 2555 539 2580 z
579 2551 677 2581 nam
715 2535 831 2581 oculi
861 2535 1218 2587 ostenderentur,
1245 2536 1278 2580 31
1300 2552 1390 2581 11011
1413 2534 1596 2596 pulchre.
