1888 3168
230 181 311 219 :250
663 195 694 218 s.
735 192 962 220 Acorsrmi
997 195 1176 222 EPISCOPI

228 273 416 301 annuam
438 277 445 301 ;
468 258 676 318 quoniam
698 259 731 301 si
757 268 899 304 tacens
922 269 964 304 et
995 276 1154 304 nomen
1178 270 1220 305 ct
1243 261 1425 318 animal,
1446 272 1617 309 tantum

230 328 338 389 quid
362 337 471 372 essct
493 329 626 373 homo
656 330 917 390 requireret,
947 330 1105 390 placita
1133 331 1207 375 illa
1233 331 1445 393 loquendi
1472 335 1622 395 regula

229 398 286 443 ad
308 398 353 442 id
376 399 497 459 quod
520 399 692 444 duabus
715 400 890 459 syllabis
908 401 1190 460 significatur,
1212 404 1381 449 animus
1403 415 1618 465 curreret3

228 486 373 531 neque
396 469 638 532 quidquam
662 472 996 533 responderetur
1013 473 1092 517 nisi
1110 473 1286 530 animal,
1301 475 1370 520 vel
1386 475 1515 521 etiam
1529 485 1621 522 tota

231 540 430 586 definitio
460 542 699 600 diceretur,
724 543 771 588 id
799 552 885 600 est,
910 543 1071 588 animal
1092 544 1301 590 rationale
1327 547 1539 593 mortale:
1566 564 1633 593 an-

234 612 315 657 tibi
337 629 427 658 non
450 612 651 660 videtur?
672 618 753 660 AD.
783 618 961 660 Prorsus
981 615 1157 662 videtur
1175 636 1183 662 :
1209 616 1285 662 sed
1305 634 1407 663 cum
1429 635 1519 664 esse
1540 635 1623 665 no-

230 699 333 727 men
355 686 714 741 concesserimus,
741 686 965 747 quomodo
995 687 1114 732 illam
1137 688 1461 734 conclusionem
1494 691 1622 736 nimis

233 757 594 802 contumeliosam
630 757 909 815 evitabimus,
943 775 1030 820 qua
1062 776 1140 805 nos
1172 761 1372 806 homines
1406 778 1497 806 non
1533 777 1623 807 esse

232 828 493 873 conficitur?
515 833 628 874 Arc.
655 830 886 884 Quomodo
906 841 1050 892 putas,
1067 832 1150 877 nisi
1171 831 1370 878 docendo
1393 850 1483 879 non
1507 849 1558 878 ex
1575 850 1625 879 ea

233 908 356 959 parte
386 899 574 956 illatam,
596 917 683 962 qua
712 901 998 962 interroganti
1025 904 1381 949 assentiebamur.
1408 908 1499 951 Aut
1521 906 1552 950 si
1576 920 1628 949 ex

234 987 285 1016 ea
312 983 435 1032 parte
456 972 575 1017 illam
599 989 643 1018 56
671 972 834 1018 fatetur
855 973 1032 1031 inferre,
1059 974 1182 1021 nullo
1214 976 1346 1022 modo
1378 986 1443 1022 est
1473 976 1628 1022 sormi-

234 1044 405 1090 danda:
434 1045 541 1106 quid
570 1046 687 1090 enim
725 1056 920 1091 metuam
953 1045 1194 1104 hominem,
1226 1048 1272 1093 id
1304 1059 1383 1105 cst,
1410 1059 1495 1094 tres
1527 1049 1629 1094 istas

236 1116 425 1174 syllabas
448 1134 539 1162 non
567 1134 655 1162 esse
678 1134 747 1162 mc
770 1120 1000 1164 confiteri?
1022 1123 1103 1165 AD.
1130 1121 1248 1166 Nihil
1274 1131 1338 1166 est
1358 1122 1516 1167 verius.
1539 1123 1630 1166 Cur

236 1204 340 1247 ergo
367 1188 564 1233 animum
586 1189 788 1247 offendit,
809 1206 910 1234 cum
938 1191 1113 1248 dicitur,
1135 1208 1225 1237 non
1247 1209 1290 1237 es
1312 1193 1445 1253 igitur
1465 1193 1627 1250 homo3

236 1276 338 1305 cum
365 1261 607 1306 secundum
638 1260 711 1306 illa
741 1278 965 1318 concessa,
991 1262 1101 1307 nihil
1124 1265 1268 1309 verius
1291 1263 1378 1308 dici
1403 1264 1630 1325 potuerit?

237 1335 352 1378 Am.
380 1334 492 1387 Quia
521 1350 612 1379 non
645 1350 822 1394 possum
856 1350 946 1379 non
975 1343 1130 1395 putare
1160 1334 1217 1380 ad
1238 1334 1285 1379 id
1307 1334 1631 1380 conclusionem

239 1404 407 1459 referri,
430 1405 552 1466 quod
573 1406 639 1450 his
664 1405 836 1450 duabus
859 1405 1035 1464 syllabis
1054 1405 1336 1464 significatur,
1355 1405 1483 1451 simul
1501 1415 1633 1468 atque

238 1475 320 1519 ista
348 1475 482 1520 verba
511 1476 757 1532 sonuerint,
791 1492 840 1520 ea
868 1475 1030 1521 scilicet
1059 1476 1230 1535 regula,
1256 1493 1356 1538 quae
1377 1476 1633 1521 naturaliter

238 1546 481 1606 plurimum
497 1546 628 1602 valet,
644 1555 695 1590 ut
712 1544 870 1590 auditis
888 1547 1019 1606 signis
1037 1547 1093 1591 ad
1109 1563 1175 1592 res
1193 1548 1453 1608 significatas
1469 1546 1634 1593 feratur

241 1619 444 1664 intentio.
468 1622 550 1664 AD.
576 1618 755 1679 Accipio
783 1618 904 1680 quod
925 1617 1045 1663 dicis.

241 1767 991 1784 vavwmwmwvvxmvmtvvtmmm
995 1766 1205 1783 Qmmm
1209 1766 1636 1788 wmmmwmm

762 1899 981 1950 CAPUT
1030 1903 1120 1952 IX.

241 2053 325 2098 An
348 2067 422 2097 res
447 2065 669 2110 qumque,
687 2049 767 2095 vel
786 2049 887 2112 ejus
919 2051 1131 2112 cognitio
1148 2047 1302 2110 pluris
1322 2046 1553 2094 habenda
1574 2050 1639 2095 sit

683 2137 830 2182 quam
852 2122 998 2183 ipsius
1019 2123 1178 2185 signa.

301 2266 441 2309 XXV.
468 2264 581 2308 Ace..
615 2264 705 2307 JAM
729 2276 832 2320 ergo
861 2259 1077 2319 intelligas
1098 2259 1200 2305 volo
1231 2273 1321 2314 res,
1347 2272 1446 2318 quae
1468 2256 1637 2316 signifi-

241 2348 413 2395 cantur,
427 2337 563 2399 pluris
585 2351 718 2398 quam
736 2334 855 2392 signa
877 2349 967 2378 6556
982 2330 1249 2392 pendendas.
1273 2326 1501 2389 Quidquid
1517 2328 1633 2372 enim

240 2421 418 2474 propter
442 2409 562 2456 aliud
584 2419 668 2465 est,
693 2406 820 2451 vilius
851 2406 905 2450 sit
933 2419 1106 2449 necesse
1139 2412 1203 2447 est
1224 2417 1358 2463 quam
1381 2400 1428 2444 id
1454 2408 1635 2460 propter

240 2484 361 2548 quod
383 2492 470 2528 est:
503 2481 584 2525 nisi
606 2490 655 2525 tu
677 2477 797 2524 aliud
826 2477 1056 2522 existimas.
1085 2478 1167 2520 AD.
1195 2473 1383 2518 Videtur
1404 2471 1512 2516 mihi
1536 2487 1632 2515 non

239 2570 402 2605 temere
418 2555 488 2600 hic
502 2568 590 2598 6556
608 2548 954 2597 assentiendum:
976 2562 1078 2592 nam
1095 2561 1197 2591 cum
1214 2544 1415 2601 dicimus,
1431 2558 1608 2588 coenum
1620 2577 1631 2597 ,
