1888 3168
632 249 687 276 m:
719 242 875 275 MU51cA
909 247 993 274 ΜΒ.
1030 248 1098 274 111.
1484 231 1568 273 395

173 314 328 361 fraude
361 315 431 360 vel
463 314 706 361 offensione
733 314 928 369 aurium,
955 313 1044 357 sive
1072 311 1193 373 quod
1215 311 1271 356 ad
1291 311 1493 373 plausum
1522 328 1572 357 ac

174 372 431 432 divisionem
453 385 640 447 pedum,
662 384 750 430 sive
772 384 895 446 quod
911 382 967 428 ad
986 382 1174 443 spatium
1207 383 1414 442 temporis
1436 385 1573 443 perti-

174 467 272 514 net,
289 473 369 519 pro
380 470 468 502 una
481 455 613 516 longa
627 455 796 515 syllaba
813 454 922 500 duas
935 469 1061 515 posse
1072 453 1179 514 poni
1197 453 1350 498 breves
1364 455 1381 498 P
1396 451 1447 498 D.
1467 454 1575 508 Quis

174 530 260 574 hoe
284 528 534 588 negaverit?
566 531 628 573 M.
668 527 783 573 Hinc
814 542 918 587 ergo
947 535 1032 582 est,
1057 524 1180 586 quod
1211 539 1292 584 pro
1329 523 1476 569 iambo
1506 523 1577 570 vel

176 600 326 646 chorio
348 597 623 645 tribrachum
643 599 873 660 ponimus,
893 608 937 643 et
952 613 1033 658 pro
1046 595 1242 657 spondeo
1256 595 1485 654 dactylum
1496 595 1578 645 ‚vel

177 680 449 732 anapaestum
469 670 539 716 vel
560 669 1005 732 proceleumaticum,
1031 684 1133 714 cum
1161 667 1233 713 vel
1264 683 1344 728 pro
1387 666 1579 712 secunda

177 742 374 803 ejtls‚vel
394 758 475 803 pro
487 742 629 803 prima
647 742 755 786 duas
778 742 931 787 breves
952 740 1157 802 ponimus
1169 775 1180 795 ‚
1195 738 1266 784 vel
1286 747 1477 800 quatuor
1496 753 1578 798 pro

177 822 377 875 utraque.
399 817 452 859 D.
477 814 716 859 Assentior.
736 817 798 859 M.
825 817 912 858 Fac
943 813 1075 871 igitur
1106 812 1189 856 hoc
1222 809 1340 855 idem
1371 810 1416 853 in
1436 809 1580 854 ionico

177 885 400 947 quolibet,
425 884 496 929 vel
519 885 602 931 alio
620 886 830 947 quopiam
858 882 1189 946 quadrisyllabo
1222 898 1295 927 sex
1330 891 1581 941 temporum

177 957 312 1019 pede,
329 967 374 1002 et
393 973 474 1018 pro
487 968 576 1002 u'na
599 958 692 1019 ejus
710 973 990 1019 quacumque
1011 955 1144 1015 longa
1165 953 1274 999 duas
1297 954 1450 997 breves
1473 969 1581 998 con—

178 1029 334 1074 stitue:
354 1043 463 1073 num
478 1029 723 1090 quidquam
740 1045 957 1074 mensurae
971 1028 1156 1089 deperit,
1173 1035 1249 1071 aut
1266 1025 1439 1087 plausui
1457 1025 1583 1069 resis-

179 1101 262 1145 tit?
288 1096 340 1145 D.
377 1100 497 1146 Nihil
529 1101 725 1146 omnino.
762 1105 824 1147 M.
851 1099 1088 1147 Considera
1110 1114 1213 1158 ergo
1252 1108 1362 1159 quot
1401 1095 1584 1157 syllabae

178 1172 307 1216 fiunt.
329 1175 381 1217 D.
403 1173 609 1234 Quinque
625 1174 720 1218 fieri
733 1173 877 1219 video.
892 1176 953 1219 M.
972 1170 1103 1216 Vides
1117 1180 1234 1215 certe
1251 1186 1376 1231 posse
1393 1177 1585 1230 quatuor

178 1242 448 1302 syllabarum
471 1259 707 1289 numerum
739 1244 901 1288 excedi.
928 1247 979 1287 D.
1017 1242 1157 1287 Video
1181 1257 1298 1286 sane.
1323 1245 1385 1286 M.
1412 1240 1531 1295 Quid
1551 1239 1585 1283 si

178 1330 260 1376 pro
282 1314 478 1371 duabus,
505 1331 605 1376 quae
631 1316 694 1360 ibi
721 1325 825 1360 sunt
845 1314 990 1373 longae
1007 1349 1017 1369 ,
1044 1323 1235 1374 quatuor
1257 1313 1411 1358 breves
1426 1326 1586 1373 posue-

179 1386 261 1440 ris,
287 1396 436 1429 nonne
463 1387 508 1428 in
536 1396 628 1429 uno
651 1386 763 1445 pede
790 1400 862 1429 sex
892 1384 1081 1443 syllabas
1116 1401 1290 1429 necesse
1321 1393 1385 1428 est
1414 1383 1587 1427 metiri?

179 1457 230 1500 D.
255 1458 320 1499 Ita
344 1451 441 1500 iast.
481 1458 542 1500 M.
585 1456 703 1509 Quid
724 1456 757 1499 si
782 1454 1017 1516 cujuslibet
1055 1455 1217 1515 epitriti
1247 1471 1397 1499 omnes
1433 1454 1588 1515 longas

181 1525 322 1571 solvas
334 1526 381 1570 in
404 1527 579 1582 breves,
606 1542 715 1571 num
735 1527 867 1571 etiam
897 1526 952 1571 de
979 1535 1146 1587 septem
1175 1525 1353 1584 syllabis
1377 1525 1587 1570 dubitan-

181 1596 289 1642 dum
311 1600 400 1643 est?
417 1602 469 1644 D.
496 1597 629 1644 Nullo
650 1597 800 1643 modo.
820 1601 882 1643 M.
903 1598 1021 1652 Quid
1041 1599 1132 1659 ipse
1149 1598 1416 1658 dispondeus
1437 1613 1588 1642 nonne

182 1678 282 1713 octo
297 1670 430 1713 efficit
442 1704 452 1724 ,
469 1685 571 1714 cum
585 1685 665 1729 pro
680 1669 885 1713 omnibus
899 1669 1038 1729 longis
1054 1670 1179 1714 binas
1197 1670 1349 1715 breves
1366 1668 1587 1715 locamus?

181 1743 234 1786 D.
262 1740 546 1784 Verissimum
568 1749 648 1784 est.

240 1812 344 1855 XII.
380 1813 442 1855 M.
468 1813 578 1863 Quae
600 1809 733 1868 igitur
750 1808 859 1855 ratio
878 1819 942 1855 est
963 1826 1050 1871 qua
1068 1811 1268 1871 cogimur
1292 1820 1335 1855 et
1356 1820 1446 1855 tam
1468 1810 1588 1855 mul-

183 1892 328 1928 tarum
350 1881 620 1941 syllabarum
643 1882 786 1926 metiri
805 1883 938 1943 pedes
955 1919 965 1939 ,
992 1891 1034 1927 et
1056 1883 1215 1943 pedem
1252 1882 1329 1944 qui
1352 1882 1588 1928 adhibetur

183 1955 240 2001 ad
261 1970 489 2010 numeros,
515 1971 606 1999 non
623 1955 833 2000 excedere
856 1965 1047 2017 quatuor
1062 1955 1273 2015 syllabas,
1301 1965 1401 2000 ante
1424 1965 1588 2010 tracta-

183 2027 237 2072 tis
255 2025 496 2071 rationibus
514 2027 804 2071 confitemur?
820 2042 968 2072 nonne
992 2026 1290 2072 tibividentur
1306 2028 1420 2071 inter
1442 2043 1486 2071 se
1509 2028 1589 2072 ista

183 2099 473 2160 pugnarePD.
500 2100 596 2141 Imo
617 2098 826 2154 maxime,
855 2108 897 2142 et
919 2099 1143 2160 quomodo
1174 2099 1292 2144 istud
1312 2099 1459 2159 pacari
1488 2115 1590 2160 pos-

185 2169 262 2225 sit,
286 2168 456 2227 ignoro.
478 2171 539 2213 M.
567 2168 710 2212 Etiam
749 2169 834 2214 hoc
860 2169 987 2214 facile
1010 2179 1094 2225 est,
1121 2170 1155 2214 si
1176 2180 1219 2215 te
1241 2172 1384 2231 ipsum
1415 2187 1589 2216 rursum

186 2240 427 2300 interroges
448 2276 459 2296 ,
482 2249 633 2284 utrum
651 2240 970 2285 rationabiliter
985 2241 1192 2286 internos
1215 2241 1347 2302 paulo
1370 2252 1470 2287 ante
1488 2259 1591 2288 con-

189 2312 365 2366 stiterit,
407 2311 506 2356 ideo
533 2311 861 2371 pyrrhichium,
903 2321 946 2356 et
980 2311 1400 2372 proceleumaticum
1432 2315 1590 2380 pla-usu

190 2382 352 2427 debere
374 2382 602 2443 dijudicari
623 2393 756 2444 atquc
776 2382 982 2440 discerni,
1005 2399 1059 2428 ne
1080 2385 1135 2429 sit
1155 2384 1271 2429 ullus
1289 2402 1364 2446 pes
1386 2385 1590 2445 legitima}

136 2508 143 2516 ι
190 2453 440 2509 divisionis,
467 2454 543 2514 qui
566 2455 842 2512 rhythmum·
860 2470 950 2499 nou
979 2454 1131 2511 faciat,
1172 2457 1219 2501 id
1257 2467 1342 2513 est,
1370 2467 1418 2502 ut
1456 2474 1507 2501 cx
1539 2473 1590 2501 co

168 2552 172 2557 -
190 2525 424 2583 rhythmus
445 2526 712 2571 nominetur.
739 2529 791 2570 D.
811 2528 905 2570 Hoc
926 2542 1030 2572 vero
1052 2528 1233 2572 memini
1251 2547 1274 2585 ,2
1288 2538 1332 2573 ct
1357 2545 1445 2573 non
1464 2529 1589 2572 inve-

192 2597 266 2642 nio
281 2612 359 2641 cur
373 2596 481 2641 mihi
494 2596 705 2657 placuisse
718 2597 932 2658 poeniteat
944 2617 951 2643 :
970 2598 1046 2643 sed
1058 2615 1267 2659 quorsum
1282 2600 1357 2644 ista
1370 2602 1387 2643 Ρ
1400 2602 1460 2644 Μ.
1477 2600 1587 2652 Quia
