1883 3194
583 229 747 261 CONTRA
780 230 1044 260 ACADEmcos
1077 232 1201 260 Lmen
1235 233 1265 259 1.
1572 222 1626 260 27

222 300 353 357 Quod
382 315 440 346 ne
472 299 566 344 fieri
593 299 775 360 quidem
804 308 974 359 potest:
1005 298 1172 359 primo,
1209 297 1313 359 quia
1346 313 1438 343 non
1457 313 1630 359 semper

218 375 353 419 homo
378 380 470 431 est,
501 369 683 427 deinde,
708 371 812 432 quia
842 385 934 416 non
956 385 1008 414 ex
1029 385 1120 431 quo
1142 378 1340 430 tempore
1362 369 1518 431 incipit
1537 385 1629 415 esse

219 447 376 501 homo,
402 459 454 490 eo
469 445 562 505 jam
578 451 744 504 potest,
768 452 896 488 aetate
917 441 1211 503 impediente,
1232 457 1389 488 verum
1411 458 1624 503 quaerere.

220 522 312 564 Aut
332 517 367 562 si
389 531 561 577 semper
582 514 629 559 id
650 524 779 576 putas
813 513 1078 571 dicendum,
1103 513 1137 558 si
1159 513 1272 559 nihil
1298 514 1506 574 temporis
1539 530 1630 575 quo

213 591 307 652 jam
328 603 526 651 quaerere
547 595 714 648 potest,
739 587 882 648 perire
914 586 1102 648 patitur,
1134 601 1284 631 rursus
1315 585 1398 630 tibi
1434 584 1628 633 Alexan-

218 661 361 706 driam
381 659 660 706 redeundum
680 668 758 704 est.
786 662 874 704 Fac
895 659 1022 717 enim⁸
1034 672 1323 720 quemquam,
1341 673 1393 702 ex
1409 673 1499 720 quo
1516 667 1630 703 tem-

217 750 325 796 pore
341 735 424 779 iter
445 749 574 794 agere
589 731 661 779 vel
683 742 811 778 aetate
824 731 897 781 vel
915 732 1094 793 negotio
1109 731 1289 788 sinitur,
1314 746 1497 792 pergere
1519 731 1631 779 occi-

216 804 456 867 pereillam
470 805 604 862 viam,
620 814 754 867 atque
771 814 822 850 ut
833 820 967 866 supra
984 803 1090 861 dixi,
1109 819 1214 849 cum
1230 803 1376 848 deviet
1388 818 1626 864 nusquam,

216 888 456 940 antequam
489 878 717 939 perveniat
746 887 897 923 tamen
929 878 1020 923 vita
1042 876 1274 933 excedere,
1299 874 1495 921 multum
1521 891 1629 937 pro-

215 950 334 998 fecto
355 951 544 1009 errabis,
565 951 602 997 si
622 951 702 996 tibi
725 966 888 997 errasse
909 950 990 995 iste
1011 949 1256 1006 videbitur,
1283 949 1484 1011 quamvis
1506 950 1630 995 omni

216 1040 308 1086 quo
328 1024 476 1086 potuit
496 1033 720 1084 tempore,
743 1039 826 1069 nec
862 1037 1061 1084 quaerere
1088 1021 1289 1078 desierit,
1314 1036 1396 1066 nec
1429 1020 1629 1067 invenire

216 1098 411 1159 potuerit
431 1113 521 1160 quo
547 1097 776 1158 pergebat.
802 1095 1105 1152 Quamobrem
1127 1095 1162 1139 si
1189 1103 1234 1140 et
1265 1109 1364 1139 mea
1392 1092 1630 1155 descriptio

215 1185 319 1216 vera
340 1179 427 1227 est,
458 1178 503 1215 et
534 1168 781 1215 secundum
817 1183 915 1213 eam
947 1183 1040 1214 non
1069 1175 1186 1211 errat
1215 1165 1291 1210 ille
1323 1165 1402 1227 qui
1433 1165 1629 1226 perfecte

216 1241 400 1305 quaerit,
429 1241 627 1303 quamvis
660 1256 751 1286 non
781 1240 976 1286 inveniat
1005 1238 1260 1294 veritatem,
1289 1237 1536 1298 beatusque
1564 1246 1630 1282 est

217 1316 277 1362 ob
299 1330 397 1360 eam
428 1329 543 1369 rem,
570 1312 694 1373 quod
725 1312 972 1358 secundum
1004 1312 1219 1356 rationem
1250 1310 1386 1356 vivit:
1414 1318 1491 1354 tua
1523 1325 1629 1355 vero

215 1385 415 1432 definitio
432 1392 478 1429 et
498 1385 707 1429 frustrata
730 1392 811 1438 est,
837 1392 881 1427 et
897 1384 931 1426 si
953 1397 1045 1427 non
1067 1391 1195 1438 esset,
1221 1382 1333 1427 nihil
1355 1397 1453 1427 eam
1475 1397 1629 1427 curare

214 1458 447 1514 deberem,
484 1456 518 1502 si
550 1472 603 1501 ex
624 1471 676 1501 eo
700 1454 845 1500 solum
872 1453 996 1516 quod
1019 1470 1101 1514 ego
1127 1453 1330 1511 definivi,
1363 1454 1465 1499 satis
1497 1469 1627 1499 causa

214 1530 388 1578 firmata
404 1538 491 1577 est:
508 1544 603 1587 cur,
619 1543 788 1591 quaeso,
803 1525 1007 1574 nondum
1031 1535 1096 1573 est
1112 1527 1194 1572 ista
1211 1526 1419 1573 internos
1441 1526 1627 1589 quaestio

213 1602 425 1650 dissoluta
438 1603 457 1648 Ρ

214 1758 719 1780 mmmmmwmmmmm
1009 1757 1622 1776 mmmmmwmmwmw

760 1881 981 1934 CAPUT
1016 1883 1079 1933 V.

586 2027 841 2096 Quidnam
857 2031 920 2077 sit
937 2030 1200 2092 sapientia.

271 2183 399 2227 XIII.
430 2182 511 2227 Hic
532 2181 795 2242 Trygetius:
819 2183 1010 2237 Das-ne,
1036 2180 1205 2243 inquit,
1234 2179 1494 2242 sapientiam
1517 2194 1614 2225 rec-

212 2262 304 2299 tam
324 2254 441 2300 viam
461 2254 566 2300 vitae
589 2256 713 2299 esse?
734 2256 802 2299 Do
810 2289 826 2310 ,-
856 2253 1028 2315 Inquit,
1053 2253 1147 2298 sine
1178 2252 1316 2298 dubio
1336 2272 1345 2299 :
1370 2251 1448 2297 sed
1470 2262 1621 2297 tamen

211 2325 312 2372 volo
334 2326 444 2371 mihi
461 2326 721 2387 sapientiam
743 2324 948 2382 definias,
970 2335 1021 2370 ut
1042 2325 1176 2370 sciam
1196 2335 1348 2370 utrum
1371 2340 1472 2386 quae
1491 2324 1617 2380 mihi,

211 2397 367 2443 eadem
388 2397 471 2443 tibi
486 2413 578 2443 esse
599 2397 816 2444 videatur.
842 2398 900 2441 Et
920 2396 1016 2442 ille:
1044 2400 1204 2442 Parum
1222 2397 1327 2453 tibi,
1348 2396 1423 2452 ait,
1442 2395 1619 2442 videtur

212 2470 393 2515 definita
409 2471 494 2516 hoc
516 2471 612 2532 ipso
635 2470 757 2533 quod
777 2486 896 2516 nunc
918 2471 1211 2530 interrogatus
1233 2472 1306 2516 es?
1327 2471 1472 2516 Etiam
1495 2470 1619 2531 quod

211 2541 333 2587 volui
352 2543 615 2588 concessisti.
645 2543 688 2589 Si
709 2543 827 2588 enim
849 2558 940 2588 non
971 2542 1124 2599 fallor,
1150 2558 1242 2588 non
1268 2541 1380 2588 falso
1408 2551 1526 2587 recta
1549 2541 1618 2587 via

212 2613 314 2659 vitae
335 2614 544 2675 sapientia
565 2615 835 2661 nominatur.
858 2617 971 2659 Tum
989 2614 1232 2660 Licentius:
1258 2613 1377 2661 Nihil
1399 2613 1508 2658 mihi
1530 2621 1615 2658 tam
