1888 3168
337 208 417 247 554
769 220 801 245 s.
839 216 1068 246 AUGUSTINI
1100 219 1282 247 EPISCOPI

335 291 446 333 hanc
468 293 634 331 avertat
655 283 910 328 amentiam:
922 285 1014 344 jam
1035 284 1150 328 enim
1170 284 1366 344 intelligo
1377 300 1466 330 non
1486 286 1599 346 ipsas
1619 303 1722 347 cog-

334 359 542 412 nitiones,
574 356 734 417 quibus
765 357 957 401 animum
982 357 1143 401 imbuit
1170 358 1334 417 optima
1366 358 1564 403 omnium
1595 359 1725 405 disci-

334 430 475 492 plina,
507 444 597 474 esse
627 427 892 488 culpandas3
917 427 993 472 sed
1015 443 1087 473 eos
1109 429 1307 473 omnium
1327 430 1588 476 miserrimos
1603 431 1724 491 judi-

333 501 515 556 candos,
536 500 646 545 sicut
663 509 705 544 et
723 500 916 545 Persium
926 498 1143 560 judicasse
1161 500 1367 556 arbitror,
1389 500 1553 562 quitali
1567 501 1724 548 morbo

333 574 478 619 affecti
497 582 626 628 sunt,
652 572 723 618 cui
745 587 824 616 nec
841 580 962 615 tanta
975 570 1190 616 medicina
1203 572 1446 616 subveniat.
1473 574 1586 617 Am.
1606 574 1723 619 Bene

332 645 537 705 intelligis
559 664 567 690 :
593 644 669 690 sed
688 660 869 706 quoquo
886 643 1018 688 modo
1040 659 1084 688 se
1100 644 1262 688 habeat
1275 645 1475 690 Persiana
1489 645 1735 704 sententias

331 717 441 779 quid
463 717 516 762 ad
541 719 649 762 nos?
671 719 769 762 Non
791 716 906 760 enim
928 716 1087 760 horum
1103 716 1350 761 auctoritati
1369 715 1554 777 subjecti
1574 731 1724 761 sumus

331 790 376 834 111
399 788 558 834 talibus
581 788 725 832 rebus.
751 786 919 832 Deinde
939 787 974 831 si
995 803 1082 848 qua
1099 787 1289 845 cognitio
1307 786 1544 846 cognitioni
1565 786 1731 847 praefe-

332 861 465 906 renda
488 861 567 915 sit,
603 875 693 904 non
719 859 791 904 hic
812 855 940 904 facile
964 867 1027 903 est
1048 858 1276 919 explicare.
1306 859 1414 904 Satis
1437 859 1580 904 habeo
1601 860 1724 920 quod

332 933 538 977 effectum
562 940 646 986 est,
664 930 958 989 cognitionem
980 945 1147 985 rerum,
1175 945 1274 990 quae
1292 930 1618 989 significantur,
1644 930 1723 975 etsi

330 1020 420 1049 non
442 1002 691 1061 cognitione
719 1001 967 1059 signorum⁷
992 1000 1094 1062 ipsis
1117 1010 1263 1045 tamen
1300 1001 1432 1060 signis
1462 1016 1553 1045 esse
1583 1001 1723 1061 potio-

331 1091 436 1120 rem.
463 1077 606 1128 Quare
623 1074 714 1134 jam
733 1072 845 1117 illud
862 1072 998 1132 magis
1020 1072 1244 1133 magisque
1263 1071 1570 1128 discutiamus,
1591 1075 1723 1133 quale

330 1149 382 1192 sit
404 1162 539 1207 genus
561 1161 709 1190 rerum
725 1181 735 1201 ,
760 1161 865 1206 quas
890 1145 982 1189 sine
1003 1145 1134 1203 signis
1147 1145 1377 1190 monstrari
1398 1159 1523 1204 posse
1544 1143 1723 1188 diceba-

329 1234 425 1263 mus
451 1234 527 1278 per
562 1232 606 1262 se
628 1217 740 1277 ipsas
757 1252 768 1272 ‚
795 1225 848 1260 ut
879 1215 1030 1277 loqui,
1056 1215 1281 1260 ambulare
1297 1251 1309 1271 ,
1345 1214 1518 1270 sedere,
1549 1215 1718 1275 jacere,

330 1300 460 1351 atque
481 1288 736 1349 hujusmodi
757 1297 927 1333 caetera.
953 1291 1036 1332 AD.
1064 1289 1162 1331 Jam
1178 1285 1324 1332 recolo
1346 1285 1455 1347 quid
1475 1284 1607 1331 dicas.

330 1425 361 1440 {A
368 1425 506 1440 511&me
510 1424 577 1440 ΜΨ
581 1422 933 1440 ΜΝΙΛΛΝὶΛΛΝἋΝνΊΝΙΛ
937 1421 1221 1438 ΜΙΜΝΜΝΜ
1225 1420 1647 1444 WDWWWWWQVRNWWWU
1651 1420 1722 1437 m

869 1520 1087 1570 CAPUT
1133 1523 1196 1568 X.

508 1647 593 1691 An
616 1643 843 1705 quaedam
859 1643 1026 1690 doceri
1042 1647 1145 1691 sine
1166 1646 1317 1709 sz'gnzs
1339 1655 1534 1705 queant.

383 1773 549 1816 XXIX.
575 1775 689 1817 Am.
721 1773 956 1817 Omma—NE
977 1772 1060 1817 tihi
1086 1771 1317 1829 videntur,
1343 1788 1443 1834 quae
1464 1773 1719 1834 interrogati

324 1860 425 1889 mox
447 1858 571 1902 agere
592 1858 845 1904 possumus⁷
869 1843 960 1887 sine
981 1843 1105 1903 signo
1126 1859 1250 1904 posse
1270 1845 1522 1901 monstrari,
1549 1861 1605 1889 an
1638 1845 1718 1889 ali-

323 1914 432 1978 quid
454 1915 642 1975 excipis?
663 1918 746 1960 Αι).
772 1918 866 1975 Ego
887 1931 990 1959 vero
1016 1915 1145 1959 etiam
1167 1924 1298 1976 atque
1321 1916 1453 1960 etiam
1476 1931 1610 1974 genus
1633 1917 1718 1962 hoc

323 1997 466 2032 totum
499 1988 776 2032 considerans
793 2023 803 2043 ‚
837 1987 948 2032 nihil
970 1987 1113 2031 adhuc
1136 1988 1310 2032 invenio
1333 1986 1454 2049 quod
1482 1988 1574 2033 sine
1595 1989 1717 2048 signo

321 2059 466 2104 valeat
492 2058 666 2114 doceri,
701 2059 780 2103 nisi
804 2057 916 2103 forte
937 2058 1206 2103 locutionem
1221 2094 1232 2115 ‚
1268 2067 1312 2103 et
1332 2059 1366 2103 si
1387 2058 1501 2103 forte
1528 2058 1718 2120 idipsum

322 2131 539 2192 quispiam
561 2140 753 2192 quaerat,
780 2131 889 2192 quid
901 2131 955 2175 sit
967 2130 1138 2175 docere.
1156 2129 1296 2175 Video
1317 2131 1436 2175 enim
1453 2146 1569 2187 eum,
1586 2132 1717 2193 quid-

322 2202 430 2263 quid
464 2212 562 2263 post
596 2203 686 2263 ejus
718 2202 1105 2262 interrogationem
1133 2201 1276 2247 fecero
1308 2211 1359 2246 ut
1391 2201 1548 2258 discat,
1579 2202 1636 2246 ab
1665 2218 1715 2247 ea

320 2274 412 2334 ipsa
433 2289 479 2317 re
505 2289 595 2318 non
617 2272 779 2318 discere
801 2289 934 2334 quam
956 2273 1038 2318 sibi
1061 2272 1348 2318 demonstrari
1370 2273 1492 2333 cupit
1513 2293 1523 2318 ι
1548 2289 1648 2318 nam
1679 2273 1713 2318 si

322 2360 393 2389 me
415 2354 674 2400 cessantem,
713 2354 763 2389 ut
786 2345 953 2390 dictum
982 2354 1067 2401 est,
1107 2344 1176 2390 vel
1204 2344 1324 2389 aliud
1358 2354 1559 2404 agentem
1589 2354 1714 2405 roget

321 2418 534 2478 quispiam
552 2454 562 2473 ‚
589 2417 697 2479 quid
718 2418 773 2461 sit
789 2417 1015 2462 ambulare
1030 2453 1041 2473 ,
1067 2427 1111 2462 et
1140 2433 1220 2477 ego
1250 2417 1396 2462 statim
1416 2417 1707 2473 ambulando,

320 2504 418 2532 cum
443 2488 562 2549 quod
584 2489 753 2547 rogavit
774 2489 865 2534 sine
887 2489 1010 2547 signo
1039 2504 1170 2534 coner
1189 2487 1368 2544 docere,
1399 2487 1518 2533 unde
1545 2488 1709 2533 cavebo
