1852 3163
667 155 722 182 DE
755 153 914 181 ORDINE
948 154 1031 181 Lm.
1069 154 1100 179 1.
1512 138 1594 179 165

193 235 458 282 commotos,
485 234 529 269 et
557 221 764 269 audiendi
799 219 1015 266 desiderio
1038 220 1333 264 inflammatos
1356 233 1447 263 esse
1470 234 1598 264 cons-

186 298 299 358 pexi.
328 302 468 358 Ergo,
486 298 691 358 inquam,
717 293 909 348 Licenti,
926 293 959 337 si
982 292 1065 337 tibi
1085 292 1285 346 videtur,
1310 290 1466 351 collige
1483 291 1529 336 in
1551 301 1595 336 te

191 369 412 432 quidquid
436 369 598 415 virium
618 377 767 429 potes,
791 365 920 411 elima
951 362 1171 426 quidquid
1199 363 1336 408 habes
1361 364 1594 419 acuminis,

192 451 237 486 et
259 442 369 487 ordo
390 442 471 487 iste
488 440 602 502 quid*
618 440 673 485 sit
694 438 948 484 definitione
965 436 1272 497 complectere.
1290 437 1403 480 Tum
1424 435 1498 479 ille
1522 435 1601 480 uhi

193 530 237 559 se
270 512 327 558 ad
359 511 663 558 definiendum
691 511 788 571 cogi
822 509 989 554 audivit
1006 545 1016 564 ,
1043 508 1168 570 quasi
1196 522 1309 568 aqua
1335 505 1493 566 frigida
1529 523 1599 551 as-

191 602 341 647 persus
367 585 612 641 exhorruit,
639 594 682 629 et
696 583 939 629 turbatiore
959 581 1090 627 vultu
1121 596 1192 625 me
1216 582 1414 634 intuens,
1447 588 1596 640 atquc,

190 667 240 703 ut
262 659 327 713 fit,
357 658 452 719 ipsa
467 657 758 718 trepidatione
782 655 1036 701 subridens:
1054 653 1171 708 Quid
1185 654 1270 698 hoe
1293 661 1356 696 est
1378 651 1466 707 rei,
1492 650 1601 712 quid

190 730 315 793 quasi
336 730 417 774 tibi
443 729 596 776 videor
618 766 628 786 ,
654 729 822 790 inquit,
859 744 914 772 an
937 743 1038 772 vere
1073 725 1218 771 1105010
1242 740 1332 786 quo
1356 722 1597 768 adventitio

189 802 346 863 spiritu
365 817 436 846 me
461 801 599 846 credis
626 802 861 846 inflatum?
884 800 1128 860 Statimque
1150 813 1240 842 sese
1263 797 1483 851 animans,
1522 804 1599 840 aut

189 874 391 930 fortasse,
420 874 500 930 ait,
525 872 694 935 aliquid
720 888 896 917 mecum
917 881 995 916 est.
1022 869 1349 931 Paululumque
1371 867 1513 923 siluit,
1550 876 1600 910 ut

186 947 233 991 in
254 945 560 991 definitionem
581 945 803 1007 quidquid
820 943 882 989 illi
896 944 951 988 de
968 942 1121 988 ordine
1136 941 1328 987 notionis
1351 949 1467 996 erat,
1489 955 1599 985 con-

188 1017 438 1063 duceretur.
465 1016 636 1062 Deinde
665 1016 877 1061 erectior:
902 1015 1023 1060 Ordo
1041 1023 1130 1070 est,
1158 1013 1329 1075 inquit,
1356 1027 1435 1073 per
1467 1026 1602 1073 quem

188 1099 377 1149 aguntur
393 1089 541 1135 omnia
556 1125 567 1145 ,
592 1105 693 1150 quae
708 1092 823 1133 Deus
846 1087 1088 1133 constituit.

245 1164 414 1207 XXIX.
451 1160 569 1215 Quid
599 1161 690 1222 ipse
720 1164 858 1215 Deus,
883 1159 1088 1220 inquam,
1114 1173 1206 1202 non
1224 1156 1304 1201 tihi
1326 1155 1503 1198 videtur
1533 1153 1602 1212 agi

188 1233 371 1280 ordine?
395 1238 600 1290 Prorsus,
631 1234 797 1294 inquit,
832 1230 1023 1276 videtur.
1051 1230 1169 1287 Ergo
1201 1227 1345 1286 agitur
1367 1229 1483 1270 Deus
1501 1262 1511 1281 ,
1540 1225 1602 1270 ait

189 1307 436 1364 Trygetius.
462 1310 520 1348 Et
552 1305 654 1347 ille:
682 1300 801 1355 Quid
832 1300 948 1344 enim
966 1336 976 1356 ,
1000 1299 1168 1360 inquit,
1203 1298 1428 1344 Christum
1456 1301 1601 1343 Deum

186 1392 318 1437 negas
335 1412 345 1432 ,
372 1376 450 1437 qui
473 1384 516 1419 et
533 1373 686 1419 ordine
709 1372 766 1418 ad
788 1388 867 1418 nos
884 1373 1027 1428 venit,
1045 1381 1088 1416 et
1111 1389 1134 1417 a
1157 1375 1286 1417 Patre
1308 1374 1400 1416 Deo
1419 1370 1601 1416 missum

184 1465 276 1495 esse
297 1464 342 1494 se
364 1448 496 1494 dicit?
516 1447 559 1493 Si
581 1447 715 1507 igitur
732 1449 848 1491 Deus
866 1446 1092 1493 Christum
1111 1444 1265 1490 ordine
1287 1443 1343 1489 ad
1361 1460 1440 1489 nos
1454 1444 1595 1500 misit,

186 1530 230 1565 et
266 1524 408 1566 Deum
444 1519 669 1565 Christum
695 1533 785 1563 esse
814 1533 905 1563 non
934 1533 1171 1577 negamus,
1200 1532 1291 1561 non
1333 1514 1478 1560 solum
1511 1515 1600 1573 agit

186 1593 359 1648 omnia,
391 1592 467 1636 sed
485 1592 629 1651 agitur
647 1589 801 1635 ordine
823 1590 955 1634 etiam
978 1592 1109 1635 Deus.
1146 1589 1228 1634 Hic
1255 1589 1485 1647 'frygetius
1521 1587 1601 1632 ad-

191 1663 416 1708 dubitans.
435 1663 612 1717 Nescio,
637 1661 806 1722 inquit,
828 1659 1056 1722 quomodo
1078 1659 1197 1705 istud
1211 1660 1436 1720 accipiam.
1455 1661 1598 1703 Deum

187 1736 306 1780 enim
323 1733 503 1796 quando
521 1734 800 1778 nominamus
812 1769 823 1788 ,
847 1749 936 1777 non
954 1733 1078 1794 quasi
1096 1732 1318 1777 mentibus
1334 1732 1427 1791 ipse
1447 1730 1597 1776 Chris-

188 1816 256 1852 tus
275 1806 468 1851 occurrit
488 1841 499 1862 ,
525 1804 601 1850 sed
620 1808 761 1850 Pater.
787 1804 866 1849 Ille
885 1813 1033 1849 autem
1051 1813 1157 1848 tunc
1180 1802 1395 1858 occurrit,
1418 1802 1598 1863 quando

187 1880 267 1924 Dei
288 1878 450 1923 Filium
472 1878 768 1923 nominamus.
793 1877 960 1922 Bellam
977 1892 1069 1921 rem
1106 1875 1236 1930 facis,
1262 1875 1407 1935 inquit
1436 1875 1597 1919 Licen-

189 1950 288 1994 tius.
314 1947 580 2007 Negabimus
598 1962 703 2006 ergo
726 1946 805 1991 Dei
825 1945 989 1990 Filium
1002 1948 1145 1989 Deum
1161 1948 1276 1990 esse?
1298 1946 1380 1991 Hic
1397 1945 1472 1990 ille
1495 1961 1597 1990 cum

186 2022 225 2067 ei
260 2022 522 2082 respondere
562 2018 860 2079 periculosum
898 2016 1154 2073 videretur,
1181 2027 1330 2062 tamen
1371 2033 1415 2061 se
1454 2019 1597 2076 coegit

185 2103 317 2155 atque
358 2092 443 2139 ait:
474 2094 532 2136 Et
552 2092 624 2136 hie
648 2089 829 2152 quidem
858 2093 973 2134 Deus
1007 2099 1092 2145 est,
1119 2089 1196 2134 sed
1225 2099 1375 2133 tamen
1415 2089 1594 2149 proprie

188 2168 363 2209 Patrem
385 2166 528 2208 Deum
564 2162 764 2207 dicimus.
806 2161 890 2207 Cui
914 2176 1017 2220 ego:
1041 2160 1210 2206 Cohibe
1250 2171 1289 2205 te
1326 2160 1493 2220 potius,
1520 2160 1593 2204 in-

188 2251 350 2298 quam:
375 2237 475 2281 Non
510 2235 628 2278 enim
658 2233 794 2278 Filius
824 2233 1062 2293 improprie
1091 2236 1206 2277 Deus
1239 2231 1414 2277 dicitur.
1441 2235 1498 2276 At
1526 2230 1600 2276 11Ιο

189 2306 399 2366 religione
438 2316 709 2362 commotus,
731 2321 834 2351 cum
870 2305 1001 2350 etiam
1033 2304 1169 2350 verba
1208 2320 1285 2349 sua
1316 2304 1475 2364 scripta
1509 2319 1601 2349 esse

188 2378 350 2435 nollet,
369 2379 556 2438 urgebat
578 2379 800 2424 Licentius
823 2387 875 2423 ut
893 2387 1146 2434 manerent,
1173 2392 1413 2438 puerorum
1434 2375 1597 2422 scilicet

190 2466 335 2506 more,
360 2449 432 2495 vel
468 2451 613 2511 potius
649 2450 906 2506 hominum,
932 2465 1013 2510 pro
1050 2449 1199 2505 nefas,
1220 2465 1333 2511 pene
1375 2449 1596 2504 omnium,

190 2522 438 2584 quasivero
457 2520 675 2582 gloriandi
698 2537 825 2568 causa
850 2521 964 2567 inter
985 2536 1064 2567 nos
1088 2519 1200 2567 illud
1229 2529 1445 2580 ageretur.
1467 2520 1602 2580 Cujus
