1883 3194
514 188 678 220 coN‘rnA
710 186 973 218 AcAnEMicos
1006 187 1131 218 nima
1162 189 1212 217 11.
1495 177 1547 217 61

158 258 278 317 Quid
293 258 473 321 putatis,
496 258 693 319 inquam,
720 256 994 311 Ciceronem,
1019 254 1143 316 cujus
1163 255 1259 300 haec
1281 253 1414 300 verba
1429 264 1548 311 sunt,

158 334 336 395 inopem
347 331 480 377 fuisse
490 330 640 375 latinae
653 329 834 390 linguae,
856 337 910 375 ut
929 328 1074 374 minus
1090 335 1191 389 apta
1211 326 1342 373 rebus
1353 326 1556 388 impone-

159 415 242 464 ret,
266 419 377 467 quas
396 401 630 461 sentiebat,
654 401 859 450 nomina?

160 562 647 591 mmmmmw
651 558 1555 582 mnmummmmuwwmmmmmmmmww

669 698 887 754 CAPUT
921 701 1043 751 XII.

375 848 586 898 Rursum
610 846 672 896 de
688 845 959 912 probabili,
995 857 1042 895 et
1074 845 1337 895 verisimili.

217 986 405 1034 XXVII.
441 989 546 1034 TUM
579 987 838 1049 Trygetius:
865 988 992 1045 Jam,
1022 987 1195 1050 inquit,
1229 984 1377 1047 placet
1398 983 1525 1030 nobis
1542 1018 1555 1041 ‚

158 1073 261 1106 cum
281 1075 348 1105 res
369 1068 475 1106 nota
495 1060 566 1116 sit,
591 1059 647 1105 de
668 1060 813 1106 verbis
834 1058 977 1105 nullas
994 1059 1235 1106 calumnias
1257 1072 1555 1104 commovere:

158 1132 304 1185 Quare
324 1129 426 1177 vide
446 1131 592 1192 potius
614 1130 724 1193 quid
738 1131 843 1176 huic
865 1133 1127 1192 respondeas
1143 1130 1221 1192 qui
1237 1145 1316 1176 nos
1337 1129 1558 1184 liberavit,

158 1202 205 1247 in
225 1217 337 1264 quos
358 1211 410 1247 tu
426 1201 642 1263 impulsus
665 1211 808 1247 tentas
829 1202 991 1247 iterum
1014 1203 1196 1247 irruere.
1221 1204 1280 1246 Et
1302 1200 1524 1246 Licentius
1548 1219 1559 1246 :

157 1275 289 1319 Mane
304 1308 316 1329 ‚
341 1273 426 1329 ait,
456 1289 631 1334 quaeso:
657 1288 760 1317 nam
781 1272 891 1316 mihi
917 1272 1121 1317 sublucet
1141 1273 1287 1317 nescio
1311 1273 1440 1334 quid,
1472 1288 1563 1334 quo

157 1342 333 1389 videam
353 1357 446 1387 non
462 1343 546 1387 tibi
568 1351 659 1387 tam
680 1341 808 1387 facile
830 1351 1006 1387 tantum
1027 1351 1339 1402 argumentum
1361 1344 1470 1404 eripi
1485 1343 1564 1388 de-

157 1413 319 1459 buisse.
344 1415 403 1459 Et
417 1428 520 1458 cum
538 1412 705 1458 defixus
724 1412 771 1457 in
786 1413 1048 1472 cogitatione
1062 1413 1251 1460 siluisset
1266 1414 1561 1476 aliquantum:

159 1487 308 1545 Rogo,
340 1484 512 1547 inquit,
546 1483 657 1529 nihil
684 1483 794 1529 mihi
819 1483 996 1529 videtur
1023 1500 1114 1530 esse
1138 1485 1399 1543 absurdius,
1425 1501 1561 1548 quam

158 1555 304 1602 dicere
315 1571 359 1601 se
369 1555 603 1601 verisimile
617 1555 740 1617 sequi
760 1570 878 1612 eum,
903 1555 980 1617 qui
1000 1572 1157 1602 verum
1174 1557 1283 1619 quid
1301 1557 1356 1602 sit
1372 1557 1560 1617 ignoret:

160 1644 242 1674 nec
254 1626 330 1673 illa
345 1642 416 1673 me
433 1636 511 1673 tua
528 1626 770 1673 similitudo
791 1627 1047 1673 conturbat.
1068 1630 1179 1674 Nam
1194 1638 1312 1674 recte
1329 1644 1411 1689 ego
1429 1630 1568 1675 inter-

161 1707 363 1759 rogatus,
397 1707 550 1743 utrum
574 1713 626 1742 ex
646 1696 728 1743 ista
756 1697 968 1758 temperie
985 1698 1088 1743 coeli
1110 1698 1234 1744 nulla
1255 1699 1303 1745 in
1325 1701 1566 1746 crastinum

162 1771 313 1833 pluvia
342 1780 550 1830 cogatur,
587 1767 833 1831 respondeo
864 1785 953 1816 esse
979 1771 1236 1828 verisimile,
1261 1772 1341 1833 qui
1374 1788 1445 1817 me
1474 1789 1567 1820 non

161 1859 276 1904 nego
299 1857 425 1888 nosse
457 1841 625 1903 aliquid
655 1841 764 1887 veri.
800 1843 912 1888 Nam
933 1842 1023 1888 5010
1046 1843 1249 1889 arborem
1275 1843 1403 1891 istam
1429 1847 1565 1892 modo

162 1924 414 1976 argenteam
429 1914 628 1959 fierinon·
645 1928 788 1975 posse,
812 1913 1042 1976 multaque
1062 1914 1166 1961 talia
1186 1931 1290 1962 vera
1312 1933 1403 1963 non
1418 1918 1567 1980 impu-

162 1986 318 2032 denter
342 2001 415 2031 me
442 1985 552 2031 scire
583 1983 708 2041 dieo,
732 2000 925 2047 quorum
945 1985 1075 2031 video
1097 2002 1189 2032 esse
1215 1987 1374 2034 similia
1397 2005 1445 2034 ea
1466 2006 1566 2051 quse

162 2057 414 2104 verisimilia
425 2057 622 2103 nomino.
640 2059 708 2103 Tu
721 2072 827 2103 vero
845 2058 1109 2115 Carneades,
1123 2058 1194 2105 vel
1212 2075 1312 2121 quae
1330 2061 1411 2106 alia
1426 2078 1567 2122 graeca

163 2129 296 2191 pestis
310 2165 322 2187 ‚
356 2137 409 2174 ut
440 2128 597 2174 nostris
619 2143 796 2190 parcam
810 2162 822 2184 ,
848 2130 866 2188 (
887 2128 998 2190 quid.
1019 2130 1138 2174 enim
1160 2129 1363 2177 dubitem
1385 2133 1430 2177 in
1452 2134 1567 2180 113110

162 2210 334 2262 partem
356 2200 538 2245 transire
565 2199 623 2245 ad
650 2214 752 2245 eum
784 2199 856 2245 cui
893 2200 1091 2261 captivus
1114 2200 1280 2249 debeor
1296 2204 1397 2265 jure
1423 2205 1567 2251 victo-

163 2273 238 2317 riae
251 2274 301 2333 P)
324 2274 391 2317 Tu
413 2287 515 2332 ergo
536 2287 639 2317 cum
660 2280 704 2317 te
726 2271 837 2317 nihil
847 2272 937 2317 veri
955 2272 1065 2319 scire
1086 2273 1219 2332 dicas,
1249 2275 1369 2321 unde
1382 2277 1466 2322 1100
1488 2294 1567 2323 ve-

165 2343 343 2390 risimile
364 2344 587 2406 sequeris?
603 2346 662 2390 At
685 2344 802 2389 enirn
826 2360 989 2390 nomen
1015 2346 1054 2390 ei
1076 2362 1168 2392 non
1188 2349 1313 2408 potui
1336 2348 1457 2395 aliud
1478 2350 1565 2395 1111-

165 2431 345 2477 ponere.
369 2414 487 2469 Quid
503 2430 605 2476 ergo
628 2414 754 2461 nobis
768 2414 1085 2477 disputandum
1101 2428 1166 2464 est
1178 2435 1280 2465 cum
1295 2436 1363 2478 00,
1385 2422 1461 2483 qui
1483 2438 1568 2468 nec

166 2488 289 2549 loqui
303 2497 449 2548 potest
461 2489 480 2532 P

227 2561 439 2605 XXVIII.
465 2560 564 2607 Non
585 2575 684 2621 ego,
715 2560 861 2623 inquit
887 2561 1090 2624 Alypius,
1114 2563 1318 2625 perfugas
1349 2575 1569 2623 metuam,
