1888 3168
603 171 657 198 DE
690 168 845 198 MUsicA
879 169 961 197 ΜΒ.
998 170 1065 197 111.
1449 157 1534 196 399

653 441 872 492 CAPUT
917 443 1011 492 VII
1026 478 1036 489 .

143 579 222 627 De
262 586 414 625 metro
460 576 630 637 quibus
678 586 726 623 et
764 586 879 638 quot
926 564 1174 622 minimam
1223 575 1545 621 constituatur

730 645 951 708 pedibus.

202 789 300 832 XV.
321 789 383 832 M.
409 789 487 831 Dm
508 787 665 846 igitur,
683 796 950 831 metrum-ne
972 785 1190 830 arbitreris
1211 783 1401 845 pedibus
1421 784 1514 828 fieri
1530 819 1540 839 ‚

144 874 199 902 an
225 856 357 918 pedes
374 866 529 902 metro.
557 861 608 902 D.
630 860 727 904 Non
750 856 964 916 intelligo.
990 859 1051 902 M.
1079 854 1298 900 Pedes-ne
1321 854 1545 915 conjuncti

144 939 334 974 metrum
377 938 548 984 creant,
587 945 643 973 an
673 929 821 973 metris
860 927 1104 989 conjunctis
1137 926 1269 987 pedes
1306 935 1510 971 creantur
1528 927 1546 969 P

144 1004 194 1045 D.
215 1001 311 1046 Seio
327 1002 418 1061 jam
436 999 544 1062 quid
556 1000 672 1045 dieas
685 1037 695 1057 ⁷
713 1010 756 1045 et
776 1000 1020 1061 conjunctis
1031 998 1220 1059 pedibus
1238 1007 1432 1042 metrum
1451 997 1546 1041 fieri

141 1081 267 1133 puto.
294 1075 355 1117 M.
383 1074 473 1117 Cur
496 1071 675 1116 tandem
698 1071 743 1116 id
766 1073 918 1132 putas?
940 1074 990 1115 D.
1017 1070 1129 1124 Quia
1152 1070 1265 1114 inter
1287 1070 1547 1127 rhythmum

142 1153 186 1188 et
207 1153 398 1188 metrum
420 1144 504 1188 hoe
522 1144 726 1188 interesse
748 1143 917 1200 dixisti,
939 1142 1061 1204 quod
1077 1142 1123 1186 in
1141 1142 1351 1200 rhythmo
1370 1150 1548 1186 contex-

141 1215 203 1260 tio
222 1215 388 1275 pedum
406 1214 581 1259 nullum
604 1225 771 1260 certum
784 1215 924 1259 habet
937 1215 1093 1269 finem,
1110 1214 1156 1258 in
1179 1223 1319 1258 metro
1342 1228 1446 1258 vero
1464 1213 1546 1256 ha-

139 1286 238 1332 bet:
263 1287 324 1332 ita
350 1288 431 1331 ista
458 1288 624 1347 pedum
657 1295 879 1332 contextio
911 1295 955 1329 et
988 1285 1186 1343 rhythmi
1221 1294 1264 1329 et
1295 1285 1422 1329 metri
1458 1299 1548 1328 esse

139 1357 423 1416 intelligitur3
459 1358 536 1402 sed
567 1358 630 1400 ibi
662 1357 854 1412 infinita‚
891 1357 962 1400 hie
1001 1365 1148 1401 autem
1191 1356 1315 1400 finita
1355 1363 1544 1400 constat.

140 1430 331 1487 M.Ergo
350 1443 464 1471 unus
477 1443 551 1487 pes
569 1435 760 1471 metrum
774 1443 865 1472 non
887 1436 964 1471 est.
987 1430 1038 1471 D.
1053 1429 1152 1472 Non
1165 1427 1333 1488 utique.
1351 1430 1413 1471 M.
1429 1423 1549 1479 Quid

140 1515 256 1553 unus
278 1514 352 1559 pes
386 1508 430 1543 et
465 1499 683 1558 semipes?
704 1501 756 1542 D.
782 1500 846 1543 Ne
868 1498 953 1542 hoe
977 1497 1173 1559 quidem.
1199 1502 1262 1543 M.
1296 1499 1471 1551 Quare?
1494 1512 1550 1540 an

142 1570 245 1630 quia
264 1579 454 1614 metrum
478 1569 668 1629 pedibus
690 1569 848 1624 confit,
870 1585 951 1613 nee
972 1570 1128 1630 utique
1151 1578 1337 1629 possunt
1359 1568 1445 1613 diei
1472 1583 1551 1627 pe-

142 1641 240 1697 des,
266 1641 344 1685 ubi
363 1641 507 1685 minus
524 1657 659 1702 quam
677 1641 767 1685 duo
784 1643 915 1685 sunt?
930 1644 981 1685 D.
999 1644 1066 1685 Ita
1087 1650 1164 1686 est.
1182 1644 1243 1686 M.
1264 1640 1550 1701 Inspiciamus

142 1712 275 1772 igitur
296 1721 435 1756 metra
456 1712 531 1756 illa
553 1728 653 1773 quae
667 1729 690 1756 a
710 1727 780 1755 me
797 1711 930 1771 paulo
942 1720 1042 1755 ante
1055 1721 1398 1756 commemorata
1417 1720 1521 1756 sunt
1535 1746 1546 1767 ‚

143 1792 188 1827 et
206 1782 431 1827 videamus
455 1782 617 1842 quibus
638 1781 828 1842 pedibus
851 1790 1079 1828 constenta
1095 1798 1186 1826 non
1202 1782 1318 1826 enim
1336 1790 1379 1826 te
1398 1781 1444 1826 in
1465 1783 1551 1826 hoe

144 1869 300 1912 genere
326 1852 716 1899 animadvertendo
739 1851 896 1897 rudem
924 1869 1014 1898 esse
1037 1852 1182 1899 adhue
1200 1853 1342 1899 decet.
1363 1856 1428 1899 Ea
1448 1863 1552 1898 sunt

144 1935 317 1983 autem,

539 1995 619 2041 Ite
641 1996 788 2058 igitur
808 1995 1059 2042 Camoeme

537 2065 809 2112 Fontz'colce
822 2067 1022 2128 pzcelloe,

546 2129 668 2199 Quae
690 2138 865 2183 canitis
882 2137 969 2183 sab
990 2139 1145 2185 antris

538 2208 682 2254 Melli
713 2224 805 2255 uos
825 2225 1037 2256 sonores.

150 2304 260 2351 Satis
281 2304 378 2348 haee
400 2318 490 2350 esse
515 2303 632 2355 adid
649 2303 1053 2365 quodintendimus
1066 2315 1174 2366 puto
1192 2326 1200 2350 :
1218 2314 1267 2350 tu
1284 2306 1376 2367 jam
1395 2307 1552 2350 metire

146 2377 226 2422 ista
237 2412 248 2433 ,
274 2385 318 2420 et
334 2391 443 2436 quos
459 2375 653 2420 habeant
664 2374 797 2436 pedes
817 2376 1034 2421 renuntia.
1055 2380 1107 2422 D.
1128 2378 1320 2422 Omnino
1332 2394 1422 2422 non
1440 2394 1549 2439 pos-

148 2463 272 2506 sum3
293 2462 365 2491 eos
388 2446 505 2491 enim
521 2446 765 2491 metiendos
792 2456 922 2507 puto,
948 2447 1025 2509 qui
1046 2448 1129 2493 sibi
1147 2448 1340 2508 legitime
1355 2449 1551 2510 copulari

148 2527 340 2581 queunt:
361 2533 442 2563 nec
459 2516 582 2564 valeo
598 2532 668 2563 me
681 2517 786 2563 hinc
808 2518 1028 2579 expedire.
1050 2519 1094 2565 Si
1107 2520 1225 2565 enim
1237 2522 1429 2581 primum
1441 2521 1550 2566 cho-
