<?xml version="1.0" encoding="UTF-8"?>
<!DOCTYPE html PUBLIC "-//W3C//DTD XHTML 1.0 Transitional//EN"
    "http://www.w3.org/TR/xhtml1/DTD/xhtml1-transitional.dtd">
<html xmlns="http://www.w3.org/1999/xhtml" xml:lang="en" lang="en">
 <head>
  <title>
</title>
<meta http-equiv="Content-Type" content="text/html;charset=utf-8" />
  <meta name='ocr-system' content='tesseract 3.04.00' />
  <meta name='ocr-capabilities' content='ocr_page ocr_carea ocr_par ocr_line ocrx_word'/>
</head>
<body>
  <div class='ocr_page' id='page_1' title='image "./operaomniaaccura01auguuoft_0122.png"; bbox 0 0 1852 3163; ppageno 0'>
   <div class='ocr_carea' id='block_1_1' title="bbox 287 165 1232 205">
    <p class='ocr_par' dir='ltr' id='par_1_1' title="bbox 287 165 1232 205">
     <span class='ocr_line' id='line_1_1' title="bbox 287 165 1232 205; baseline 0.003 -3"><span class='ocrx_word' id='word_1_1' title='bbox 287 165 368 202; x_wconf 80' lang='lat'>112</span> <span class='ocrx_word' id='word_1_2' title='bbox 718 172 751 201; x_wconf 85' lang='lat' dir='ltr'>s.</span> <span class='ocrx_word' id='word_1_3' title='bbox 789 172 1018 204; x_wconf 68' lang='lat' dir='ltr'>Accusnm</span> <span class='ocrx_word' id='word_1_4' title='bbox 1051 176 1232 205; x_wconf 72' lang='lat' dir='ltr'>Emscom</span> 
     </span>
    </p>
   </div>
   <div class='ocr_carea' id='block_1_2' title="bbox 263 238 1687 2437">
    <p class='ocr_par' dir='ltr' id='par_1_2' title="bbox 280 238 1668 371">
     <span class='ocr_line' id='line_1_2' title="bbox 280 238 1668 302; baseline 0.004 -19"><span class='ocrx_word' id='word_1_5' title='bbox 280 239 426 299; x_wconf 81' lang='lat' dir='ltr'>eisque</span> <span class='ocrx_word' id='word_1_6' title='bbox 448 239 493 282; x_wconf 91' lang='lat' dir='ltr'>in</span> <span class='ocrx_word' id='word_1_7' title='bbox 515 238 714 283; x_wconf 83' lang='lat' dir='ltr'><strong>tenebras</strong></span> <span class='ocrx_word' id='word_1_8' title='bbox 742 238 969 296; x_wconf 82' lang='lat' dir='ltr'>revolutis,</span> <span class='ocrx_word' id='word_1_9' title='bbox 996 241 1150 302; x_wconf 82' lang='lat' dir='ltr'>eripiat</span> <span class='ocrx_word' id='word_1_10' title='bbox 1171 240 1558 288; x_wconf 85' lang='lat' dir='ltr'>luculentissimam</span> <span class='ocrx_word' id='word_1_11' title='bbox 1586 243 1668 288; x_wconf 93' lang='lat' dir='ltr'>do-</span> 
     </span>
     <span class='ocr_line' id='line_1_3' title="bbox 281 309 1045 371; baseline 0.003 -18"><span class='ocrx_word' id='word_1_12' title='bbox 281 324 424 366; x_wconf 90' lang='lat' dir='ltr'>mum,</span> <span class='ocrx_word' id='word_1_13' title='bbox 441 324 573 370; x_wconf 91' lang='lat' dir='ltr'>quam</span> <span class='ocrx_word' id='word_1_14' title='bbox 596 325 708 370; x_wconf 91' lang='lat' dir='ltr'>pene</span> <span class='ocrx_word' id='word_1_15' title='bbox 724 310 815 371; x_wconf 85' lang='lat' dir='ltr'>jam</span> <span class='ocrx_word' id='word_1_16' title='bbox 831 309 1045 356; x_wconf 87' lang='lat' dir='ltr'>viderant.</span> 
     </span>
    </p>

    <p class='ocr_par' dir='ltr' id='par_1_3' title="bbox 263 381 1687 2437">
     <span class='ocr_line' id='line_1_4' title="bbox 340 381 1669 446; baseline 0.004 -21"><span class='ocrx_word' id='word_1_17' title='bbox 340 384 414 425; x_wconf 89' lang='lat' dir='ltr'>lv.</span> <span class='ocrx_word' id='word_1_18' title='bbox 451 383 559 435; x_wconf 83' lang='lat' dir='ltr'>Quae</span> <span class='ocrx_word' id='word_1_19' title='bbox 581 397 683 426; x_wconf 87' lang='lat' dir='ltr'>cum</span> <span class='ocrx_word' id='word_1_20' title='bbox 705 381 764 426; x_wconf 91' lang='lat' dir='ltr'>ita</span> <span class='ocrx_word' id='word_1_21' title='bbox 785 381 894 437; x_wconf 89' lang='lat' dir='ltr'>sint,</span> <span class='ocrx_word' id='word_1_22' title='bbox 920 383 1065 443; x_wconf 83' lang='lat' dir='ltr'>accipe</span> <span class='ocrx_word' id='word_1_23' title='bbox 1082 417 1093 439; x_wconf 93' lang='lat'>,</span> <span class='ocrx_word' id='word_1_24' title='bbox 1118 382 1179 428; x_wconf 90' lang='lat' dir='ltr'>mi</span> <span class='ocrx_word' id='word_1_25' title='bbox 1203 383 1453 440; x_wconf 88' lang='lat' dir='ltr'>Theodore,</span> <span class='ocrx_word' id='word_1_26' title='bbox 1478 399 1669 446; x_wconf 86' lang='lat' dir='ltr'>namque</span> 
     </span>
     <span class='ocr_line' id='line_1_5' title="bbox 279 452 1669 517; baseline 0.003 -20"><span class='ocrx_word' id='word_1_27' title='bbox 279 452 335 497; x_wconf 92' lang='lat' dir='ltr'>ad</span> <span class='ocrx_word' id='word_1_28' title='bbox 352 452 398 497; x_wconf 91' lang='lat' dir='ltr'>id</span> <span class='ocrx_word' id='word_1_29' title='bbox 420 452 541 514; x_wconf 84' lang='lat' dir='ltr'>quod</span> <span class='ocrx_word' id='word_1_30' title='bbox 567 452 791 509; x_wconf 88' lang='lat' dir='ltr'>desidero,</span> <span class='ocrx_word' id='word_1_31' title='bbox 818 462 860 497; x_wconf 95' lang='lat' dir='ltr'>te</span> <span class='ocrx_word' id='word_1_32' title='bbox 877 469 1016 498; x_wconf 88' lang='lat' dir='ltr'>unum</span> <span class='ocrx_word' id='word_1_33' title='bbox 1033 455 1229 512; x_wconf 89' lang='lat' dir='ltr'>intueor,</span> <span class='ocrx_word' id='word_1_34' title='bbox 1249 464 1380 517; x_wconf 83' lang='lat' dir='ltr'>teque</span> <span class='ocrx_word' id='word_1_35' title='bbox 1401 454 1669 517; x_wconf 87' lang='lat' dir='ltr'>aptissimum</span> 
     </span>
     <span class='ocr_line' id='line_1_6' title="bbox 277 523 1670 588; baseline 0.002 -19"><span class='ocrx_word' id='word_1_36' title='bbox 277 539 446 585; x_wconf 88' lang='lat' dir='ltr'>semper</span> <span class='ocrx_word' id='word_1_37' title='bbox 464 523 681 583; x_wconf 62' lang='lat' dir='ltr'>admiror,</span> <span class='ocrx_word' id='word_1_38' title='bbox 707 524 875 585; x_wconf 80' lang='lat' dir='ltr'>accipe,</span> <span class='ocrx_word' id='word_1_39' title='bbox 896 525 1078 587; x_wconf 89' lang='lat' dir='ltr'>inquam</span> <span class='ocrx_word' id='word_1_40' title='bbox 1095 562 1106 582; x_wconf 95' lang='lat'>,</span> <span class='ocrx_word' id='word_1_41' title='bbox 1132 536 1177 572; x_wconf 89' lang='lat' dir='ltr'>et</span> <span class='ocrx_word' id='word_1_42' title='bbox 1197 527 1319 588; x_wconf 89' lang='lat' dir='ltr'>quod</span> <span class='ocrx_word' id='word_1_43' title='bbox 1339 527 1516 573; x_wconf 89' lang='lat' dir='ltr'>illorum</span> <span class='ocrx_word' id='word_1_44' title='bbox 1537 527 1670 573; x_wconf 90' lang='lat' dir='ltr'>trium</span> 
     </span>
     <span class='ocr_line' id='line_1_7' title="bbox 278 595 1670 659; baseline 0.003 -20"><span class='ocrx_word' id='word_1_45' title='bbox 278 610 411 654; x_wconf 85' lang='lat' dir='ltr'>genus</span> <span class='ocrx_word' id='word_1_46' title='bbox 434 595 664 640; x_wconf 90' lang='lat' dir='ltr'>hominum</span> <span class='ocrx_word' id='word_1_47' title='bbox 686 611 756 640; x_wconf 89' lang='lat' dir='ltr'>me</span> <span class='ocrx_word' id='word_1_48' title='bbox 784 596 864 640; x_wconf 88' lang='lat' dir='ltr'>tibi</span> <span class='ocrx_word' id='word_1_49' title='bbox 887 595 1081 654; x_wconf 81' lang='lat' dir='ltr'>dederit,</span> <span class='ocrx_word' id='word_1_50' title='bbox 1112 606 1156 642; x_wconf 88' lang='lat' dir='ltr'>et</span> <span class='ocrx_word' id='word_1_51' title='bbox 1191 613 1282 659; x_wconf 92' lang='lat' dir='ltr'>quo</span> <span class='ocrx_word' id='word_1_52' title='bbox 1303 597 1403 644; x_wconf 92' lang='lat' dir='ltr'>loco</span> <span class='ocrx_word' id='word_1_53' title='bbox 1438 598 1548 643; x_wconf 86' lang='lat' dir='ltr'>mihi</span> <span class='ocrx_word' id='word_1_54' title='bbox 1580 613 1670 644; x_wconf 89' lang='lat' dir='ltr'>esse</span> 
     </span>
     <span class='ocr_line' id='line_1_8' title="bbox 277 666 1666 730; baseline 0.003 -20"><span class='ocrx_word' id='word_1_55' title='bbox 277 666 452 722; x_wconf 87' lang='lat' dir='ltr'>videar,</span> <span class='ocrx_word' id='word_1_56' title='bbox 487 676 531 711; x_wconf 90' lang='lat' dir='ltr'>et</span> <span class='ocrx_word' id='word_1_57' title='bbox 555 666 632 711; x_wconf 88' lang='lat' dir='ltr'>abs</span> <span class='ocrx_word' id='word_1_58' title='bbox 659 676 702 712; x_wconf 91' lang='lat' dir='ltr'>te</span> <span class='ocrx_word' id='word_1_59' title='bbox 736 666 982 727; x_wconf 86' lang='lat' dir='ltr'>cujusmodi</span> <span class='ocrx_word' id='word_1_60' title='bbox 1011 667 1221 713; x_wconf 79' lang='lat' dir='ltr'>auxilium</span> <span class='ocrx_word' id='word_1_61' title='bbox 1248 678 1390 714; x_wconf 90' lang='lat' dir='ltr'>certus</span> <span class='ocrx_word' id='word_1_62' title='bbox 1427 677 1666 730; x_wconf 83' lang='lat' dir='ltr'>expectem.</span> 
     </span>
     <span class='ocr_line' id='line_1_9' title="bbox 276 736 1670 801; baseline 0.001 -19"><span class='ocrx_word' id='word_1_63' title='bbox 276 739 369 795; x_wconf 83' lang='lat' dir='ltr'>Ego</span> <span class='ocrx_word' id='word_1_64' title='bbox 386 736 441 781; x_wconf 90' lang='lat' dir='ltr'>ab</span> <span class='ocrx_word' id='word_1_65' title='bbox 458 753 597 798; x_wconf 87' lang='lat' dir='ltr'>usque</span> <span class='ocrx_word' id='word_1_66' title='bbox 610 736 731 782; x_wconf 90' lang='lat' dir='ltr'>unde</span> <span class='ocrx_word' id='word_1_67' title='bbox 752 738 976 784; x_wconf 87' lang='lat' dir='ltr'>vicessimo</span> <span class='ocrx_word' id='word_1_68' title='bbox 991 755 1106 784; x_wconf 91' lang='lat' dir='ltr'>anno</span> <span class='ocrx_word' id='word_1_69' title='bbox 1124 739 1262 784; x_wconf 76' lang='lat' dir='ltr'>aetatis</span> <span class='ocrx_word' id='word_1_70' title='bbox 1283 748 1516 801; x_wconf 84' lang='lat' dir='ltr'>meae,post</span> <span class='ocrx_word' id='word_1_71' title='bbox 1537 754 1670 801; x_wconf 88' lang='lat' dir='ltr'>quam</span> 
     </span>
     <span class='ocr_line' id='line_1_10' title="bbox 275 808 1672 873; baseline 0.003 -21"><span class='ocrx_word' id='word_1_72' title='bbox 275 809 321 853; x_wconf 89' lang='lat' dir='ltr'>in</span> <span class='ocrx_word' id='word_1_73' title='bbox 343 809 490 855; x_wconf 90' lang='lat' dir='ltr'>schola</span> <span class='ocrx_word' id='word_1_74' title='bbox 510 809 692 855; x_wconf 85' lang='lat' dir='ltr'>rhetoris</span> <span class='ocrx_word' id='word_1_75' title='bbox 712 808 876 855; x_wconf 89' lang='lat' dir='ltr'>librum</span> <span class='ocrx_word' id='word_1_76' title='bbox 895 809 1020 856; x_wconf 89' lang='lat' dir='ltr'>illum</span> <span class='ocrx_word' id='word_1_77' title='bbox 1038 811 1277 868; x_wconf 81' lang='lat' dir='ltr'>Ciceronis,</span> <span class='ocrx_word' id='word_1_78' title='bbox 1304 812 1381 873; x_wconf 89' lang='lat' dir='ltr'>qui</span> <span class='ocrx_word' id='word_1_79' title='bbox 1415 811 1672 858; x_wconf 85' lang='lat' dir='ltr'>Hortensius</span> 
     </span>
     <span class='ocr_line' id='line_1_11' title="bbox 274 881 1666 943; baseline 0.002 -19"><span class='ocrx_word' id='word_1_80' title='bbox 274 889 455 926; x_wconf 79' lang='lat' dir='ltr'>vocatur</span> <span class='ocrx_word' id='word_1_81' title='bbox 470 916 480 936; x_wconf 90' lang='lat'>,</span> <span class='ocrx_word' id='word_1_82' title='bbox 499 881 645 941; x_wconf 87' lang='lat' dir='ltr'>accepi</span> <span class='ocrx_word' id='word_1_83' title='bbox 664 883 694 936; x_wconf 86' lang='lat'>¹,</span> <span class='ocrx_word' id='word_1_84' title='bbox 709 890 831 926; x_wconf 87' lang='lat' dir='ltr'>tanto</span> <span class='ocrx_word' id='word_1_85' title='bbox 844 897 989 927; x_wconf 88' lang='lat' dir='ltr'>amore</span> <span class='ocrx_word' id='word_1_86' title='bbox 1002 882 1290 943; x_wconf 74' lang='lat' dir='ltr'>philosophice</span> <span class='ocrx_word' id='word_1_87' title='bbox 1302 898 1535 928; x_wconf 88' lang='lat' dir='ltr'>succensus</span> <span class='ocrx_word' id='word_1_88' title='bbox 1547 897 1641 927; x_wconf 91' lang='lat' dir='ltr'>sum</span> <span class='ocrx_word' id='word_1_89' title='bbox 1653 917 1666 939; x_wconf 91' lang='lat'>‚</span> 
     </span>
     <span class='ocr_line' id='line_1_12' title="bbox 274 952 1670 1016; baseline 0.001 -19"><span class='ocrx_word' id='word_1_90' title='bbox 274 961 323 997; x_wconf 87' lang='lat' dir='ltr'>ut</span> <span class='ocrx_word' id='word_1_91' title='bbox 345 953 491 997; x_wconf 89' lang='lat' dir='ltr'>statim</span> <span class='ocrx_word' id='word_1_92' title='bbox 513 952 570 998; x_wconf 90' lang='lat' dir='ltr'>ad</span> <span class='ocrx_word' id='word_1_93' title='bbox 588 969 682 997; x_wconf 89' lang='lat' dir='ltr'>eam</span> <span class='ocrx_word' id='word_1_94' title='bbox 699 969 769 997; x_wconf 91' lang='lat' dir='ltr'>me</span> <span class='ocrx_word' id='word_1_95' title='bbox 784 954 1016 999; x_wconf 83' lang='lat' dir='ltr'>transferre</span> <span class='ocrx_word' id='word_1_96' title='bbox 1034 954 1281 999; x_wconf 85' lang='lat' dir='ltr'>meditarer.</span> <span class='ocrx_word' id='word_1_97' title='bbox 1306 954 1390 1000; x_wconf 91' lang='lat' dir='ltr'>Sed</span> <span class='ocrx_word' id='word_1_98' title='bbox 1407 970 1551 1016; x_wconf 90' lang='lat' dir='ltr'>neque</span> <span class='ocrx_word' id='word_1_99' title='bbox 1563 954 1670 999; x_wconf 91' lang='lat' dir='ltr'>mihi</span> 
     </span>
     <span class='ocr_line' id='line_1_13' title="bbox 273 1022 1667 1085; baseline 0.002 -18"><span class='ocrx_word' id='word_1_100' title='bbox 273 1022 445 1069; x_wconf 78' lang='lat' dir='ltr'>nebulae</span> <span class='ocrx_word' id='word_1_101' title='bbox 475 1023 739 1079; x_wconf 85' lang='lat' dir='ltr'>defuerunt,</span> <span class='ocrx_word' id='word_1_102' title='bbox 766 1025 928 1085; x_wconf 85' lang='lat' dir='ltr'>quibus</span> <span class='ocrx_word' id='word_1_103' title='bbox 962 1023 1309 1070; x_wconf 86' lang='lat' dir='ltr'>confunderetur</span> <span class='ocrx_word' id='word_1_104' title='bbox 1341 1040 1491 1070; x_wconf 87' lang='lat' dir='ltr'>cursus</span> <span class='ocrx_word' id='word_1_105' title='bbox 1521 1040 1667 1080; x_wconf 85' lang='lat' dir='ltr'>meus,</span> 
     </span>
     <span class='ocr_line' id='line_1_14' title="bbox 272 1095 1670 1157; baseline 0 -17"><span class='ocrx_word' id='word_1_106' title='bbox 272 1105 317 1140; x_wconf 89' lang='lat' dir='ltr'>et</span> <span class='ocrx_word' id='word_1_107' title='bbox 353 1095 431 1140; x_wconf 89' lang='lat' dir='ltr'>diu</span> <span class='ocrx_word' id='word_1_108' title='bbox 462 1095 625 1152; x_wconf 83' lang='lat' dir='ltr'>fateor,</span> <span class='ocrx_word' id='word_1_109' title='bbox 652 1096 812 1157; x_wconf 86' lang='lat' dir='ltr'>quibus</span> <span class='ocrx_word' id='word_1_110' title='bbox 850 1097 896 1141; x_wconf 87' lang='lat' dir='ltr'>in</span> <span class='ocrx_word' id='word_1_111' title='bbox 929 1112 1120 1142; x_wconf 86' lang='lat' dir='ltr'>errorem</span> <span class='ocrx_word' id='word_1_112' title='bbox 1152 1096 1372 1153; x_wconf 88' lang='lat' dir='ltr'>ducebar,</span> <span class='ocrx_word' id='word_1_113' title='bbox 1397 1096 1592 1141; x_wconf 87' lang='lat' dir='ltr'>labentia</span> <span class='ocrx_word' id='word_1_114' title='bbox 1623 1096 1670 1141; x_wconf 92' lang='lat' dir='ltr'>in</span> 
     </span>
     <span class='ocr_line' id='line_1_15' title="bbox 272 1167 1670 1229; baseline -0.001 -16"><span class='ocrx_word' id='word_1_115' title='bbox 272 1170 497 1213; x_wconf 82' lang='lat' dir='ltr'>Oceanum</span> <span class='ocrx_word' id='word_1_116' title='bbox 510 1177 622 1212; x_wconf 88' lang='lat' dir='ltr'>astra</span> <span class='ocrx_word' id='word_1_117' title='bbox 634 1167 820 1228; x_wconf 81' lang='lat' dir='ltr'>suspexi.</span> <span class='ocrx_word' id='word_1_118' title='bbox 838 1170 948 1214; x_wconf 88' lang='lat' dir='ltr'>Nam</span> <span class='ocrx_word' id='word_1_119' title='bbox 963 1177 1006 1212; x_wconf 89' lang='lat' dir='ltr'>et</span> <span class='ocrx_word' id='word_1_120' title='bbox 1019 1169 1265 1228; x_wconf 84' lang='lat' dir='ltr'>superstitio</span> <span class='ocrx_word' id='word_1_121' title='bbox 1278 1168 1481 1229; x_wconf 79' lang='lat' dir='ltr'>quaedam</span> <span class='ocrx_word' id='word_1_122' title='bbox 1493 1168 1670 1228; x_wconf 85' lang='lat' dir='ltr'>puerilis</span> 
     </span>
     <span class='ocr_line' id='line_1_16' title="bbox 270 1237 1665 1299; baseline 0 -17"><span class='ocrx_word' id='word_1_123' title='bbox 270 1254 339 1282; x_wconf 90' lang='lat' dir='ltr'>me</span> <span class='ocrx_word' id='word_1_124' title='bbox 367 1238 421 1282; x_wconf 86' lang='lat' dir='ltr'>ab</span> <span class='ocrx_word' id='word_1_125' title='bbox 455 1238 545 1298; x_wconf 89' lang='lat' dir='ltr'>ipsa</span> <span class='ocrx_word' id='word_1_126' title='bbox 566 1238 846 1299; x_wconf 83' lang='lat' dir='ltr'>inquisitione</span> <span class='ocrx_word' id='word_1_127' title='bbox 869 1238 1089 1283; x_wconf 84' lang='lat' dir='ltr'>terrebat:</span> <span class='ocrx_word' id='word_1_128' title='bbox 1110 1247 1153 1282; x_wconf 92' lang='lat' dir='ltr'>et</span> <span class='ocrx_word' id='word_1_129' title='bbox 1181 1238 1260 1282; x_wconf 87' lang='lat' dir='ltr'>ubi</span> <span class='ocrx_word' id='word_1_130' title='bbox 1290 1237 1431 1283; x_wconf 85' lang='lat' dir='ltr'>sactus</span> <span class='ocrx_word' id='word_1_131' title='bbox 1458 1239 1665 1294; x_wconf 88' lang='lat' dir='ltr'>erectior,</span> 
     </span>
     <span class='ocr_line' id='line_1_17' title="bbox 272 1308 1670 1370; baseline 0.002 -18"><span class='ocrx_word' id='word_1_132' title='bbox 272 1308 391 1353; x_wconf 88' lang='lat' dir='ltr'>illam</span> <span class='ocrx_word' id='word_1_133' title='bbox 413 1309 643 1367; x_wconf 82' lang='lat' dir='ltr'>caliginem</span> <span class='ocrx_word' id='word_1_134' title='bbox 660 1308 847 1369; x_wconf 84' lang='lat' dir='ltr'>dispuli,</span> <span class='ocrx_word' id='word_1_135' title='bbox 874 1309 1071 1370; x_wconf 85' lang='lat' dir='ltr'>mihique</span> <span class='ocrx_word' id='word_1_136' title='bbox 1089 1309 1282 1370; x_wconf 87' lang='lat' dir='ltr'>persuasi</span> <span class='ocrx_word' id='word_1_137' title='bbox 1306 1308 1566 1354; x_wconf 85' lang='lat' dir='ltr'>docentibus</span> <span class='ocrx_word' id='word_1_138' title='bbox 1589 1325 1670 1370; x_wconf 90' lang='lat' dir='ltr'>po-</span> 
     </span>
     <span class='ocr_line' id='line_1_18' title="bbox 273 1379 1665 1441; baseline 0 -17"><span class='ocrx_word' id='word_1_139' title='bbox 273 1381 356 1424; x_wconf 90' lang='lat' dir='ltr'>tius</span> <span class='ocrx_word' id='word_1_140' title='bbox 378 1395 509 1441; x_wconf 87' lang='lat' dir='ltr'>quam</span> <span class='ocrx_word' id='word_1_141' title='bbox 523 1379 783 1440; x_wconf 84' lang='lat' dir='ltr'>jubentibus</span> <span class='ocrx_word' id='word_1_142' title='bbox 800 1394 890 1424; x_wconf 91' lang='lat' dir='ltr'>esse</span> <span class='ocrx_word' id='word_1_143' title='bbox 911 1379 1198 1435; x_wconf 84' lang='lat' dir='ltr'>credendum,</span> <span class='ocrx_word' id='word_1_144' title='bbox 1212 1379 1346 1424; x_wconf 86' lang='lat' dir='ltr'>incidi</span> <span class='ocrx_word' id='word_1_145' title='bbox 1363 1380 1408 1424; x_wconf 90' lang='lat' dir='ltr'>in</span> <span class='ocrx_word' id='word_1_146' title='bbox 1424 1380 1665 1435; x_wconf 85' lang='lat' dir='ltr'>homines1,</span> 
     </span>
     <span class='ocr_line' id='line_1_19' title="bbox 270 1450 1669 1512; baseline 0 -16"><span class='ocrx_word' id='word_1_147' title='bbox 270 1452 430 1512; x_wconf 84' lang='lat' dir='ltr'>quibus</span> <span class='ocrx_word' id='word_1_148' title='bbox 455 1451 532 1496; x_wconf 78' lang='lat' dir='ltr'>lux</span> <span class='ocrx_word' id='word_1_149' title='bbox 548 1456 643 1507; x_wconf 81' lang='lat' dir='ltr'>ista,</span> <span class='ocrx_word' id='word_1_150' title='bbox 663 1467 762 1512; x_wconf 68' lang='lat' dir='ltr'>quse</span> <span class='ocrx_word' id='word_1_151' title='bbox 775 1450 910 1496; x_wconf 87' lang='lat' dir='ltr'>oculis</span> <span class='ocrx_word' id='word_1_152' title='bbox 927 1451 1136 1507; x_wconf 85' lang='lat' dir='ltr'>cernitur,</span> <span class='ocrx_word' id='word_1_153' title='bbox 1157 1452 1270 1496; x_wconf 89' lang='lat' dir='ltr'>inter</span> <span class='ocrx_word' id='word_1_154' title='bbox 1282 1467 1449 1496; x_wconf 89' lang='lat' dir='ltr'>summa</span> <span class='ocrx_word' id='word_1_155' title='bbox 1462 1460 1506 1496; x_wconf 93' lang='lat' dir='ltr'>et</span> <span class='ocrx_word' id='word_1_156' title='bbox 1523 1450 1669 1497; x_wconf 88' lang='lat' dir='ltr'>divina</span> 
     </span>
     <span class='ocr_line' id='line_1_20' title="bbox 268 1521 1669 1582; baseline -0.001 -15"><span class='ocrx_word' id='word_1_157' title='bbox 268 1522 452 1568; x_wconf 90' lang='lat' dir='ltr'>colenda</span> <span class='ocrx_word' id='word_1_158' title='bbox 467 1521 705 1566; x_wconf 64' lang='lat' dir='ltr'>videretur.</span> <span class='ocrx_word' id='word_1_159' title='bbox 721 1524 819 1567; x_wconf 84' lang='lat' dir='ltr'>Non</span> <span class='ocrx_word' id='word_1_160' title='bbox 835 1522 1099 1566; x_wconf 87' lang='lat' dir='ltr'>assentiebar</span> <span class='ocrx_word' id='word_1_161' title='bbox 1114 1557 1123 1577; x_wconf 87' lang='lat'>,</span> <span class='ocrx_word' id='word_1_162' title='bbox 1143 1521 1218 1566; x_wconf 90' lang='lat' dir='ltr'>sed</span> <span class='ocrx_word' id='word_1_163' title='bbox 1231 1522 1442 1582; x_wconf 85' lang='lat' dir='ltr'>putabam</span> <span class='ocrx_word' id='word_1_164' title='bbox 1460 1537 1531 1567; x_wconf 90' lang='lat' dir='ltr'>eos</span> <span class='ocrx_word' id='word_1_165' title='bbox 1544 1537 1669 1582; x_wconf 83' lang='lat' dir='ltr'>mag-</span> 
     </span>
     <span class='ocr_line' id='line_1_21' title="bbox 268 1592 1669 1655; baseline 0 -16"><span class='ocrx_word' id='word_1_166' title='bbox 268 1611 377 1640; x_wconf 89' lang='lat' dir='ltr'>num</span> <span class='ocrx_word' id='word_1_167' title='bbox 400 1593 568 1655; x_wconf 84' lang='lat' dir='ltr'>aliquid</span> <span class='ocrx_word' id='word_1_168' title='bbox 582 1603 726 1651; x_wconf 77' lang='lat' dir='ltr'>tegere</span> <span class='ocrx_word' id='word_1_169' title='bbox 741 1593 823 1637; x_wconf 88' lang='lat' dir='ltr'>illis</span> <span class='ocrx_word' id='word_1_170' title='bbox 846 1593 1103 1649; x_wconf 87' lang='lat' dir='ltr'>involucris,</span> <span class='ocrx_word' id='word_1_171' title='bbox 1127 1594 1248 1654; x_wconf 85' lang='lat' dir='ltr'>quod</span> <span class='ocrx_word' id='word_1_172' title='bbox 1270 1601 1411 1638; x_wconf 80' lang='lat' dir='ltr'>essent</span> <span class='ocrx_word' id='word_1_173' title='bbox 1432 1592 1669 1655; x_wconf 86' lang='lat' dir='ltr'>aliquando</span> 
     </span>
     <span class='ocr_line' id='line_1_22' title="bbox 268 1663 1669 1726; baseline 0 -16"><span class='ocrx_word' id='word_1_174' title='bbox 268 1665 475 1726; x_wconf 83' lang='lat' dir='ltr'>aperturi.</span> <span class='ocrx_word' id='word_1_175' title='bbox 495 1668 553 1709; x_wconf 85' lang='lat' dir='ltr'>At</span> <span class='ocrx_word' id='word_1_176' title='bbox 574 1664 653 1708; x_wconf 84' lang='lat' dir='ltr'>ubi</span> <span class='ocrx_word' id='word_1_177' title='bbox 675 1663 885 1709; x_wconf 86' lang='lat' dir='ltr'>discussos</span> <span class='ocrx_word' id='word_1_178' title='bbox 908 1680 979 1709; x_wconf 91' lang='lat' dir='ltr'>eos</span> <span class='ocrx_word' id='word_1_179' title='bbox 997 1664 1132 1720; x_wconf 84' lang='lat' dir='ltr'>evasi,</span> <span class='ocrx_word' id='word_1_180' title='bbox 1158 1665 1343 1708; x_wconf 81' lang='lat' dir='ltr'>maxime</span> <span class='ocrx_word' id='word_1_181' title='bbox 1377 1665 1557 1726; x_wconf 86' lang='lat' dir='ltr'>trajecto</span> <span class='ocrx_word' id='word_1_182' title='bbox 1586 1664 1669 1710; x_wconf 88' lang='lat' dir='ltr'>isto</span> 
     </span>
     <span class='ocr_line' id='line_1_23' title="bbox 268 1734 1669 1795; baseline -0.001 -14"><span class='ocrx_word' id='word_1_183' title='bbox 268 1737 402 1792; x_wconf 85' lang='lat' dir='ltr'>mari,</span> <span class='ocrx_word' id='word_1_184' title='bbox 428 1736 505 1780; x_wconf 92' lang='lat' dir='ltr'>diu</span> <span class='ocrx_word' id='word_1_185' title='bbox 528 1734 828 1795; x_wconf 83' lang='lat' dir='ltr'>gubernacula</span> <span class='ocrx_word' id='word_1_186' title='bbox 850 1750 947 1779; x_wconf 89' lang='lat' dir='ltr'>mea</span> <span class='ocrx_word' id='word_1_187' title='bbox 982 1734 1274 1795; x_wconf 80' lang='lat' dir='ltr'>repugnantia</span> <span class='ocrx_word' id='word_1_188' title='bbox 1295 1734 1498 1780; x_wconf 84' lang='lat' dir='ltr'>omnibus</span> <span class='ocrx_word' id='word_1_189' title='bbox 1527 1734 1669 1780; x_wconf 88' lang='lat' dir='ltr'>ventis</span> 
     </span>
     <span class='ocr_line' id='line_1_24' title="bbox 269 1804 1668 1852; baseline -0.001 -1"><span class='ocrx_word' id='word_1_190' title='bbox 269 1807 315 1852; x_wconf 92' lang='lat' dir='ltr'>in</span> <span class='ocrx_word' id='word_1_191' title='bbox 337 1806 489 1851; x_wconf 90' lang='lat' dir='ltr'>mediis</span> <span class='ocrx_word' id='word_1_192' title='bbox 515 1806 722 1850; x_wconf 80' lang='lat' dir='ltr'>fluctibus</span> <span class='ocrx_word' id='word_1_193' title='bbox 744 1805 993 1850; x_wconf 85' lang='lat' dir='ltr'>Academici</span> <span class='ocrx_word' id='word_1_194' title='bbox 1026 1814 1279 1849; x_wconf 86' lang='lat' dir='ltr'>tenuerunt.</span> <span class='ocrx_word' id='word_1_195' title='bbox 1305 1804 1472 1850; x_wconf 89' lang='lat' dir='ltr'>Deinde</span> <span class='ocrx_word' id='word_1_196' title='bbox 1491 1805 1591 1849; x_wconf 88' lang='lat' dir='ltr'>veni</span> <span class='ocrx_word' id='word_1_197' title='bbox 1621 1805 1668 1850; x_wconf 90' lang='lat' dir='ltr'>in</span> 
     </span>
     <span class='ocr_line' id='line_1_25' title="bbox 267 1875 1663 1938; baseline -0.002 -14"><span class='ocrx_word' id='word_1_198' title='bbox 267 1881 344 1924; x_wconf 85' lang='lat' dir='ltr'>has</span> <span class='ocrx_word' id='word_1_199' title='bbox 377 1889 536 1934; x_wconf 79' lang='lat' dir='ltr'>terras,</span> <span class='ocrx_word' id='word_1_200' title='bbox 568 1879 639 1923; x_wconf 90' lang='lat' dir='ltr'>hic</span> <span class='ocrx_word' id='word_1_201' title='bbox 672 1877 1013 1938; x_wconf 89' lang='lat' dir='ltr'>septentrionem</span> <span class='ocrx_word' id='word_1_202' title='bbox 1045 1877 1116 1921; x_wconf 89' lang='lat' dir='ltr'>cui</span> <span class='ocrx_word' id='word_1_203' title='bbox 1154 1892 1224 1920; x_wconf 91' lang='lat' dir='ltr'>me</span> <span class='ocrx_word' id='word_1_204' title='bbox 1260 1875 1484 1921; x_wconf 90' lang='lat' dir='ltr'>crederem</span> <span class='ocrx_word' id='word_1_205' title='bbox 1515 1876 1663 1921; x_wconf 85' lang='lat' dir='ltr'>didici.</span> 
     </span>
     <span class='ocr_line' id='line_1_26' title="bbox 266 1946 1667 2008; baseline -0.002 -12"><span class='ocrx_word' id='word_1_206' title='bbox 266 1950 565 1997; x_wconf 82' lang='lat' dir='ltr'>Animadverti</span> <span class='ocrx_word' id='word_1_207' title='bbox 577 1950 693 1993; x_wconf 86' lang='lat' dir='ltr'>enim</span> <span class='ocrx_word' id='word_1_208' title='bbox 705 1958 748 1993; x_wconf 89' lang='lat' dir='ltr'>et</span> <span class='ocrx_word' id='word_1_209' title='bbox 761 1964 873 2008; x_wconf 82' lang='lat' dir='ltr'>saepe</span> <span class='ocrx_word' id='word_1_210' title='bbox 888 1948 933 1992; x_wconf 91' lang='lat' dir='ltr'>in</span> <span class='ocrx_word' id='word_1_211' title='bbox 947 1946 1179 1993; x_wconf 84' lang='lat' dir='ltr'>sacerdotis</span> <span class='ocrx_word' id='word_1_212' title='bbox 1188 1948 1360 2003; x_wconf 81' lang='lat' dir='ltr'>nostri³,</span> <span class='ocrx_word' id='word_1_213' title='bbox 1376 1956 1420 1992; x_wconf 90' lang='lat' dir='ltr'>et</span> <span class='ocrx_word' id='word_1_214' title='bbox 1430 1947 1667 2008; x_wconf 87' lang='lat' dir='ltr'>aliquando</span> 
     </span>
     <span class='ocr_line' id='line_1_27' title="bbox 264 2018 1665 2079; baseline -0.001 -12"><span class='ocrx_word' id='word_1_215' title='bbox 264 2023 310 2067; x_wconf 92' lang='lat' dir='ltr'>in</span> <span class='ocrx_word' id='word_1_216' title='bbox 327 2022 599 2068; x_wconf 82' lang='lat' dir='ltr'>sermonibus</span> <span class='ocrx_word' id='word_1_217' title='bbox 619 2021 704 2065; x_wconf 84' lang='lat' dir='ltr'>tuis</span> <span class='ocrx_word' id='word_1_218' title='bbox 719 2056 729 2076; x_wconf 91' lang='lat'>,</span> <span class='ocrx_word' id='word_1_219' title='bbox 750 2036 852 2065; x_wconf 89' lang='lat' dir='ltr'>cum</span> <span class='ocrx_word' id='word_1_220' title='bbox 873 2019 928 2064; x_wconf 91' lang='lat' dir='ltr'>de</span> <span class='ocrx_word' id='word_1_221' title='bbox 945 2023 1036 2064; x_wconf 88' lang='lat' dir='ltr'>Deo</span> <span class='ocrx_word' id='word_1_222' title='bbox 1049 2020 1336 2079; x_wconf 80' lang='lat' dir='ltr'>cogitaretur,</span> <span class='ocrx_word' id='word_1_223' title='bbox 1353 2018 1465 2063; x_wconf 88' lang='lat' dir='ltr'>nihil</span> <span class='ocrx_word' id='word_1_224' title='bbox 1483 2020 1665 2065; x_wconf 90' lang='lat' dir='ltr'>omnino</span> 
     </span>
     <span class='ocr_line' id='line_1_28' title="bbox 266 2089 1666 2155; baseline -0.004 -15"><span class='ocrx_word' id='word_1_225' title='bbox 266 2096 458 2155; x_wconf 88' lang='lat' dir='ltr'>corporis</span> <span class='ocrx_word' id='word_1_226' title='bbox 480 2109 567 2138; x_wconf 90' lang='lat' dir='ltr'>esse</span> <span class='ocrx_word' id='word_1_227' title='bbox 588 2091 896 2151; x_wconf 85' lang='lat' dir='ltr'>cogitandum,</span> <span class='ocrx_word' id='word_1_228' title='bbox 917 2107 1060 2153; x_wconf 84' lang='lat' dir='ltr'>neque</span> <span class='ocrx_word' id='word_1_229' title='bbox 1091 2106 1194 2136; x_wconf 89' lang='lat' dir='ltr'>cum</span> <span class='ocrx_word' id='word_1_230' title='bbox 1219 2090 1274 2134; x_wconf 92' lang='lat' dir='ltr'>de</span> <span class='ocrx_word' id='word_1_231' title='bbox 1306 2090 1470 2134; x_wconf 85' lang='lat' dir='ltr'>anima:</span> <span class='ocrx_word' id='word_1_232' title='bbox 1495 2105 1597 2134; x_wconf 91' lang='lat' dir='ltr'>nam</span> <span class='ocrx_word' id='word_1_233' title='bbox 1621 2089 1666 2134; x_wconf 90' lang='lat' dir='ltr'>id</span> 
     </span>
     <span class='ocr_line' id='line_1_29' title="bbox 267 2158 1666 2222; baseline -0.003 -13"><span class='ocrx_word' id='word_1_234' title='bbox 267 2175 330 2209; x_wconf 88' lang='lat' dir='ltr'>cst</span> <span class='ocrx_word' id='word_1_235' title='bbox 351 2180 489 2209; x_wconf 88' lang='lat' dir='ltr'>unum</span> <span class='ocrx_word' id='word_1_236' title='bbox 512 2164 559 2208; x_wconf 90' lang='lat' dir='ltr'>in</span> <span class='ocrx_word' id='word_1_237' title='bbox 576 2163 706 2207; x_wconf 85' lang='lat' dir='ltr'>rebus</span> <span class='ocrx_word' id='word_1_238' title='bbox 727 2162 975 2222; x_wconf 81' lang='lat' dir='ltr'>proximum</span> <span class='ocrx_word' id='word_1_239' title='bbox 1001 2164 1105 2206; x_wconf 89' lang='lat' dir='ltr'>Deo.</span> <span class='ocrx_word' id='word_1_240' title='bbox 1133 2159 1216 2206; x_wconf 91' lang='lat' dir='ltr'>Sed</span> <span class='ocrx_word' id='word_1_241' title='bbox 1231 2175 1286 2204; x_wconf 91' lang='lat' dir='ltr'>ne</span> <span class='ocrx_word' id='word_1_242' title='bbox 1308 2159 1353 2204; x_wconf 92' lang='lat' dir='ltr'>in</span> <span class='ocrx_word' id='word_1_243' title='bbox 1377 2158 1666 2220; x_wconf 65' lang='lat' dir='ltr'>philosophice</span> 
     </span>
     <span class='ocr_line' id='line_1_30' title="bbox 266 2226 1687 2295; baseline -0.003 -15"><span class='ocrx_word' id='word_1_244' title='bbox 266 2236 479 2295; x_wconf 76' lang='lat' dir='ltr'>gremium</span> <span class='ocrx_word' id='word_1_245' title='bbox 513 2234 712 2280; x_wconf 86' lang='lat' dir='ltr'>celeriter</span> <span class='ocrx_word' id='word_1_246' title='bbox 746 2232 1014 2288; x_wconf 88' lang='lat' dir='ltr'>advolarem,</span> <span class='ocrx_word' id='word_1_247' title='bbox 1052 2231 1190 2277; x_wconf 83' lang='lat' dir='ltr'>fateor</span> <span class='ocrx_word' id='word_1_248' title='bbox 1222 2230 1366 2276; x_wconf 84' lang='lat' dir='ltr'>uxoris</span> <span class='ocrx_word' id='word_1_249' title='bbox 1398 2226 1687 2292; x_wconf 71' lang='lat' dir='ltr'>honorisque‘</span> 
     </span>
     <span class='ocr_line' id='line_1_31' title="bbox 263 2304 1663 2357; baseline -0.003 -7"><span class='ocrx_word' id='word_1_250' title='bbox 263 2306 467 2351; x_wconf 72' lang='lat' dir='ltr'>illecebra</span> <span class='ocrx_word' id='word_1_251' title='bbox 491 2305 745 2350; x_wconf 87' lang='lat' dir='ltr'>detinebar:</span> <span class='ocrx_word' id='word_1_252' title='bbox 773 2313 822 2347; x_wconf 87' lang='lat' dir='ltr'>ut</span> <span class='ocrx_word' id='word_1_253' title='bbox 843 2319 944 2347; x_wconf 89' lang='lat' dir='ltr'>cum</span> <span class='ocrx_word' id='word_1_254' title='bbox 973 2304 1065 2348; x_wconf 78' lang='lat' dir='ltr'>haec</span> <span class='ocrx_word' id='word_1_255' title='bbox 1089 2317 1224 2347; x_wconf 89' lang='lat' dir='ltr'>essem</span> <span class='ocrx_word' id='word_1_256' title='bbox 1250 2310 1509 2346; x_wconf 86' lang='lat' dir='ltr'>consecutus</span> <span class='ocrx_word' id='word_1_257' title='bbox 1525 2337 1536 2357; x_wconf 89' lang='lat'>,</span> <span class='ocrx_word' id='word_1_258' title='bbox 1565 2311 1663 2346; x_wconf 85' lang='lat' dir='ltr'>tum</span> 
     </span>
     <span class='ocr_line' id='line_1_32' title="bbox 265 2371 1661 2437; baseline -0.004 -15"><span class='ocrx_word' id='word_1_259' title='bbox 265 2376 444 2422; x_wconf 90' lang='lat' dir='ltr'>demum</span> <span class='ocrx_word' id='word_1_260' title='bbox 457 2392 548 2432; x_wconf 85' lang='lat' dir='ltr'>me,</span> <span class='ocrx_word' id='word_1_261' title='bbox 566 2374 690 2437; x_wconf 88' lang='lat' dir='ltr'>quod</span> <span class='ocrx_word' id='word_1_262' title='bbox 706 2374 852 2435; x_wconf 85' lang='lat' dir='ltr'>paucis</span> <span class='ocrx_word' id='word_1_263' title='bbox 873 2372 1125 2418; x_wconf 84' lang='lat' dir='ltr'>felicissimis</span> <span class='ocrx_word' id='word_1_264' title='bbox 1145 2371 1270 2417; x_wconf 90' lang='lat' dir='ltr'>licuit</span> <span class='ocrx_word' id='word_1_265' title='bbox 1285 2406 1296 2428; x_wconf 91' lang='lat'>,</span> <span class='ocrx_word' id='word_1_266' title='bbox 1318 2371 1419 2416; x_wconf 91' lang='lat' dir='ltr'>totis</span> <span class='ocrx_word' id='word_1_267' title='bbox 1440 2371 1546 2417; x_wconf 88' lang='lat' dir='ltr'>velis</span> <span class='ocrx_word' id='word_1_268' title='bbox 1563 2387 1661 2417; x_wconf 92' lang='lat' dir='ltr'>om-</span> 
     </span>
    </p>
   </div>
   <div class='ocr_carea' id='block_1_3' title="bbox 264 2458 1660 2570">
    <p class='ocr_par' dir='ltr' id='par_1_4' title="bbox 264 2458 1660 2570">
     <span class='ocr_line' id='line_1_33' title="bbox 309 2458 1660 2516; baseline -0.003 -10"><span class='ocrx_word' id='word_1_269' title='bbox 309 2481 318 2497; x_wconf 89' lang='lat'>¹</span> <span class='ocrx_word' id='word_1_270' title='bbox 335 2474 406 2506; x_wconf 89' lang='lat' dir='ltr'>Lib.</span> <span class='ocrx_word' id='word_1_271' title='bbox 425 2484 457 2506; x_wconf 78' lang='lat' dir='ltr'>ni</span> <span class='ocrx_word' id='word_1_272' title='bbox 475 2458 566 2507; x_wconf 79' lang='lat' dir='ltr'>Coiif.</span> <span class='ocrx_word' id='word_1_273' title='bbox 585 2483 656 2516; x_wconf 79' lang='lat' dir='ltr'>cap.</span> <span class='ocrx_word' id='word_1_274' title='bbox 677 2483 718 2504; x_wconf 82' lang='lat' dir='ltr'>iv.</span> <span class='ocrx_word' id='word_1_275' title='bbox 734 2476 767 2504; x_wconf 80' lang='lat' dir='ltr'>et</span> <span class='ocrx_word' id='word_1_276' title='bbox 786 2470 842 2503; x_wconf 87' lang='lat' dir='ltr'>lib.</span> <span class='ocrx_word' id='word_1_277' title='bbox 865 2482 896 2502; x_wconf 77' lang='lat' dir='ltr'>vi</span> <span class='ocrx_word' id='word_1_278' title='bbox 918 2481 992 2513; x_wconf 83' lang='lat' dir='ltr'>cap.</span> <span class='ocrx_word' id='word_1_279' title='bbox 1018 2482 1067 2503; x_wconf 90' lang='lat'>11.</span> <span class='ocrx_word' id='word_1_280' title='bbox 1089 2473 1124 2502; x_wconf 87' lang='lat' dir='ltr'>ct</span> <span class='ocrx_word' id='word_1_281' title='bbox 1143 2468 1200 2502; x_wconf 86' lang='lat' dir='ltr'>lib.</span> <span class='ocrx_word' id='word_1_282' title='bbox 1224 2480 1280 2502; x_wconf 87' lang='lat' dir='ltr'>vm</span> <span class='ocrx_word' id='word_1_283' title='bbox 1298 2479 1370 2514; x_wconf 81' lang='lat' dir='ltr'>cap.</span> <span class='ocrx_word' id='word_1_284' title='bbox 1393 2479 1425 2513; x_wconf 88' lang='lat'>7.</span> <span class='ocrx_word' id='word_1_285' title='bbox 1455 2486 1497 2492; x_wconf 94' lang='lat'><strong>—</strong></span> <span class='ocrx_word' id='word_1_286' title='bbox 1523 2476 1537 2492; x_wconf 82' lang='lat'>²</span> <span class='ocrx_word' id='word_1_287' title='bbox 1554 2469 1660 2503; x_wconf 81' lang='lat' dir='ltr'>Mani-</span> 
     </span>
     <span class='ocr_line' id='line_1_34' title="bbox 264 2524 1587 2570; baseline -0.005 -7"><span class='ocrx_word' id='word_1_288' title='bbox 264 2530 368 2564; x_wconf 71' lang='lat' dir='ltr'>cliaeos</span> <span class='ocrx_word' id='word_1_289' title='bbox 385 2529 439 2562; x_wconf 85' lang='lat' dir='ltr'>lib.</span> <span class='ocrx_word' id='word_1_290' title='bbox 459 2540 501 2561; x_wconf 78' lang='grc' dir='ltr'>ιιι.</span> <span class='ocrx_word' id='word_1_291' title='bbox 525 2528 615 2562; x_wconf 79' lang='lat' dir='ltr'>Conf.</span> <span class='ocrx_word' id='word_1_292' title='bbox 635 2539 707 2570; x_wconf 85' lang='lat' dir='ltr'>cap.</span> <span class='ocrx_word' id='word_1_293' title='bbox 731 2527 762 2561; x_wconf 90' lang='lat'>6.</span> <span class='ocrx_word' id='word_1_294' title='bbox 793 2545 834 2551; x_wconf 88' lang='lat'>-</span> <span class='ocrx_word' id='word_1_295' title='bbox 861 2524 873 2550; x_wconf 83' lang='lat'>3</span> <span class='ocrx_word' id='word_1_296' title='bbox 891 2525 1047 2560; x_wconf 66' lang='lat' dir='ltr'>Ambrosii</span> <span class='ocrx_word' id='word_1_297' title='bbox 1063 2524 1119 2559; x_wconf 86' lang='lat' dir='ltr'>lib.</span> <span class='ocrx_word' id='word_1_298' title='bbox 1138 2536 1186 2559; x_wconf 89' lang='lat' dir='ltr'>v1.</span> <span class='ocrx_word' id='word_1_299' title='bbox 1207 2525 1336 2560; x_wconf 79' lang='lat' dir='ltr'>eonses.</span> <span class='ocrx_word' id='word_1_300' title='bbox 1357 2536 1430 2568; x_wconf 86' lang='lat' dir='ltr'>cap.</span> <span class='ocrx_word' id='word_1_301' title='bbox 1452 2525 1484 2567; x_wconf 83' lang='lat'>3,</span> <span class='ocrx_word' id='word_1_302' title='bbox 1507 2536 1537 2557; x_wconf 88' lang='lat' dir='ltr'>n.</span> <span class='ocrx_word' id='word_1_303' title='bbox 1555 2524 1587 2568; x_wconf 77' lang='grc'>4.</span> 
     </span>
    </p>
   </div>
  </div>
 </body>
</html>
