<?xml version="1.0" encoding="UTF-8"?>
<!DOCTYPE html PUBLIC "-//W3C//DTD XHTML 1.0 Transitional//EN"
    "http://www.w3.org/TR/xhtml1/DTD/xhtml1-transitional.dtd">
<html xmlns="http://www.w3.org/1999/xhtml" xml:lang="en" lang="en">
 <head>
  <title>
</title>
<meta http-equiv="Content-Type" content="text/html;charset=utf-8" />
  <meta name='ocr-system' content='tesseract 3.04.00' />
  <meta name='ocr-capabilities' content='ocr_page ocr_carea ocr_par ocr_line ocrx_word'/>
</head>
<body>
  <div class='ocr_page' id='page_1' title='image "./operaomniaaccura01auguuoft_0582.png"; bbox 0 0 1888 3168; ppageno 0'>
   <div class='ocr_carea' id='block_1_1' title="bbox 318 244 1188 281">
    <p class='ocr_par' dir='ltr' id='par_1_1' title="bbox 318 244 1188 281">
     <span class='ocr_line' id='line_1_1' title="bbox 318 244 1188 281; baseline -0.01 0"><span class='ocrx_word' id='word_1_1' title='bbox 318 244 402 281; x_wconf 79' lang='lat'>572</span> <span class='ocrx_word' id='word_1_2' title='bbox 845 245 1188 275; x_wconf 73' lang='lat' dir='ltr'><strong>ANNOTATIONES.</strong></span> 
     </span>
    </p>
   </div>
   <div class='ocr_carea' id='block_1_2' title="bbox 316 308 1707 448">
    <p class='ocr_par' dir='ltr' id='par_1_2' title="bbox 316 308 1707 448">
     <span class='ocr_line' id='line_1_2' title="bbox 316 308 1707 380; baseline -0.008 -17"><span class='ocrx_word' id='word_1_3' title='bbox 316 320 393 380; x_wconf 82' lang='lat' dir='ltr'>qui</span> <span class='ocrx_word' id='word_1_4' title='bbox 411 332 543 377; x_wconf 81' lang='lat' dir='ltr'>panes</span> <span class='ocrx_word' id='word_1_5' title='bbox 562 315 833 375; x_wconf 78' lang='lat' dir='ltr'>eulogiarum</span> <span class='ocrx_word' id='word_1_6' title='bbox 855 314 1032 359; x_wconf 85' lang='lat' dir='ltr'>nomine</span> <span class='ocrx_word' id='word_1_7' title='bbox 1055 311 1197 355; x_wconf 86' lang='lat' dir='ltr'>cidem</span> <span class='ocrx_word' id='word_1_8' title='bbox 1215 310 1372 365; x_wconf 86' lang='lat' dir='ltr'>mittit,</span> <span class='ocrx_word' id='word_1_9' title='bbox 1394 318 1604 354; x_wconf 86' lang='lat' dir='ltr'>tractatur</span> <span class='ocrx_word' id='word_1_10' title='bbox 1623 308 1707 353; x_wconf 88' lang='lat' dir='ltr'>ho-</span> 
     </span>
     <span class='ocr_line' id='line_1_3' title="bbox 316 379 1706 448; baseline -0.007 -13"><span class='ocrx_word' id='word_1_11' title='bbox 316 388 704 444; x_wconf 81' lang='lat' dir='ltr'>norificentissime,</span> <span class='ocrx_word' id='word_1_12' title='bbox 725 396 855 448; x_wconf 85' lang='lat' dir='ltr'>atque</span> <span class='ocrx_word' id='word_1_13' title='bbox 872 395 923 430; x_wconf 92' lang='lat' dir='ltr'>ut</span> <span class='ocrx_word' id='word_1_14' title='bbox 938 385 1004 429; x_wconf 83' lang='lat' dir='ltr'>vir</span> <span class='ocrx_word' id='word_1_15' title='bbox 1017 383 1146 443; x_wconf 88' lang='lat' dir='ltr'>plane</span> <span class='ocrx_word' id='word_1_16' title='bbox 1164 383 1433 428; x_wconf 75' lang='lat' dir='ltr'>Christianus</span> <span class='ocrx_word' id='word_1_17' title='bbox 1453 379 1706 426; x_wconf 77' lang='lat' dir='ltr'>catholicus,</span> 
     </span>
    </p>
   </div>
   <div class='ocr_carea' id='block_1_3' title="bbox 731 535 1290 593">
    <p class='ocr_par' dir='ltr' id='par_1_3' title="bbox 731 535 1290 593">
     <span class='ocr_line' id='line_1_4' title="bbox 731 535 1290 593; baseline -0.009 -13"><span class='ocrx_word' id='word_1_18' title='bbox 731 538 987 580; x_wconf 76' lang='grc' dir='ltr'><strong>ΑΝΝΟΤΑΤΙΟ</strong></span> <span class='ocrx_word' id='word_1_19' title='bbox 1009 535 1071 592; x_wconf 89' lang='lat'>(3)</span> <span class='ocrx_word' id='word_1_20' title='bbox 1093 546 1192 593; x_wconf 82' lang='lat' dir='ltr'>pag.</span> <span class='ocrx_word' id='word_1_21' title='bbox 1220 537 1290 576; x_wconf 86' lang='lat'>57.</span> 
     </span>
    </p>
   </div>
   <div class='ocr_carea' id='block_1_4' title="bbox 318 689 1720 1321">
    <p class='ocr_par' dir='ltr' id='par_1_4' title="bbox 318 689 1720 1321">
     <span class='ocr_line' id='line_1_5' title="bbox 379 689 1714 754; baseline -0.002 -16"><span class='ocrx_word' id='word_1_22' title='bbox 379 695 459 738; x_wconf 89' lang='lat' dir='ltr'>Hic</span> <span class='ocrx_word' id='word_1_23' title='bbox 482 695 621 754; x_wconf 88' lang='lat' dir='ltr'>figura</span> <span class='ocrx_word' id='word_1_24' title='bbox 645 692 837 754; x_wconf 84' lang='lat' dir='ltr'>quadam</span> <span class='ocrx_word' id='word_1_25' title='bbox 859 692 921 737; x_wconf 88' lang='lat' dir='ltr'>uti</span> <span class='ocrx_word' id='word_1_26' title='bbox 930 702 999 736; x_wconf 89' lang='lat' dir='ltr'>tur</span> <span class='ocrx_word' id='word_1_27' title='bbox 1021 691 1291 751; x_wconf 80' lang='lat' dir='ltr'>Augustinus</span> <span class='ocrx_word' id='word_1_28' title='bbox 1313 690 1497 736; x_wconf 82' lang='lat' dir='ltr'>solemni</span> <span class='ocrx_word' id='word_1_29' title='bbox 1515 689 1714 750; x_wconf 81' lang='lat' dir='ltr'>dialogo-</span> 
     </span>
     <span class='ocr_line' id='line_1_6' title="bbox 319 761 1711 823; baseline -0.003 -14"><span class='ocrx_word' id='word_1_30' title='bbox 319 781 417 809; x_wconf 86' lang='lat' dir='ltr'>rum</span> <span class='ocrx_word' id='word_1_31' title='bbox 434 781 579 823; x_wconf 78' lang='lat' dir='ltr'>more3</span> <span class='ocrx_word' id='word_1_32' title='bbox 604 780 705 809; x_wconf 85' lang='lat' dir='ltr'>nam</span> <span class='ocrx_word' id='word_1_33' title='bbox 725 763 926 809; x_wconf 90' lang='lat' dir='ltr'>nonnihil</span> <span class='ocrx_word' id='word_1_34' title='bbox 953 772 1122 808; x_wconf 89' lang='lat' dir='ltr'>certum</span> <span class='ocrx_word' id='word_1_35' title='bbox 1144 762 1338 806; x_wconf 85' lang='lat' dir='ltr'>habebat</span> <span class='ocrx_word' id='word_1_36' title='bbox 1359 761 1480 822; x_wconf 87' lang='lat' dir='ltr'>quod</span> <span class='ocrx_word' id='word_1_37' title='bbox 1507 761 1711 816; x_wconf 82' lang='lat' dir='ltr'>sentiret,</span> 
     </span>
     <span class='ocr_line' id='line_1_7' title="bbox 319 830 1715 897; baseline -0.003 -17"><span class='ocrx_word' id='word_1_38' title='bbox 319 836 396 896; x_wconf 84' lang='lat' dir='ltr'>qui</span> <span class='ocrx_word' id='word_1_39' title='bbox 418 835 683 897; x_wconf 84' lang='lat' dir='ltr'>jamdudum</span> <span class='ocrx_word' id='word_1_40' title='bbox 711 844 858 879; x_wconf 88' lang='lat' dir='ltr'>mente</span> <span class='ocrx_word' id='word_1_41' title='bbox 884 842 1173 894; x_wconf 66' lang='lat' dir='ltr'>pervenerat</span> <span class='ocrx_word' id='word_1_42' title='bbox 1200 831 1271 878; x_wconf 79' lang='lat' dir='ltr'>acl</span> <span class='ocrx_word' id='word_1_43' title='bbox 1296 831 1350 878; x_wconf 81' lang='lat' dir='ltr'>z&#39;d</span> <span class='ocrx_word' id='word_1_44' title='bbox 1375 830 1507 891; x_wconf 75' lang='lat' dir='ltr'>quod</span> <span class='ocrx_word' id='word_1_45' title='bbox 1531 841 1625 887; x_wconf 76' lang='lat' dir='ltr'>esc,</span> <span class='ocrx_word' id='word_1_46' title='bbox 1649 832 1715 876; x_wconf 90' lang='lat' dir='ltr'>uti</span> 
     </span>
     <span class='ocr_line' id='line_1_8' title="bbox 318 903 1716 965; baseline -0.002 -15"><span class='ocrx_word' id='word_1_47' title='bbox 318 905 396 951; x_wconf 86' lang='lat' dir='ltr'>lib.</span> <span class='ocrx_word' id='word_1_48' title='bbox 427 926 488 951; x_wconf 84' lang='lat' dir='ltr'>vn</span> <span class='ocrx_word' id='word_1_49' title='bbox 522 906 652 952; x_wconf 88' lang='lat' dir='ltr'>Conf.</span> <span class='ocrx_word' id='word_1_50' title='bbox 687 922 725 951; x_wconf 91' lang='lat' dir='ltr'>c.</span> <span class='ocrx_word' id='word_1_51' title='bbox 756 912 824 950; x_wconf 88' lang='lat'>17.</span> <span class='ocrx_word' id='word_1_52' title='bbox 850 905 1064 965; x_wconf 76' lang='lat' dir='ltr'>legimus3</span> <span class='ocrx_word' id='word_1_53' title='bbox 1101 914 1145 949; x_wconf 89' lang='lat' dir='ltr'>et</span> <span class='ocrx_word' id='word_1_54' title='bbox 1180 905 1408 965; x_wconf 87' lang='lat' dir='ltr'>perspicue</span> <span class='ocrx_word' id='word_1_55' title='bbox 1439 904 1486 947; x_wconf 93' lang='lat' dir='ltr'>in</span> <span class='ocrx_word' id='word_1_56' title='bbox 1520 903 1716 964; x_wconf 85' lang='lat' dir='ltr'>ejusdem</span> 
     </span>
     <span class='ocr_line' id='line_1_9' title="bbox 319 975 1717 1037; baseline -0.003 -15"><span class='ocrx_word' id='word_1_57' title='bbox 319 978 460 1037; x_wconf 80' lang='lat' dir='ltr'>operis</span> <span class='ocrx_word' id='word_1_58' title='bbox 482 977 560 1022; x_wconf 85' lang='lat' dir='ltr'>lib.</span> <span class='ocrx_word' id='word_1_59' title='bbox 586 994 681 1023; x_wconf 87' lang='lat' dir='ltr'>VIII.</span> <span class='ocrx_word' id='word_1_60' title='bbox 704 993 742 1022; x_wconf 92' lang='lat' dir='ltr'>c.</span> <span class='ocrx_word' id='word_1_61' title='bbox 772 983 811 1021; x_wconf 86' lang='lat'>5.</span> <span class='ocrx_word' id='word_1_62' title='bbox 834 977 890 1021; x_wconf 88' lang='lat' dir='ltr'>de</span> <span class='ocrx_word' id='word_1_63' title='bbox 911 992 955 1021; x_wconf 89' lang='lat' dir='ltr'>se</span> <span class='ocrx_word' id='word_1_64' title='bbox 978 977 1307 1022; x_wconf 78' lang='lat' dir='ltr'>conversionem</span> <span class='ocrx_word' id='word_1_65' title='bbox 1330 975 1561 1020; x_wconf 88' lang='lat' dir='ltr'>differente</span> <span class='ocrx_word' id='word_1_66' title='bbox 1576 975 1717 1019; x_wconf 84' lang='lat' dir='ltr'>confi-</span> 
     </span>
     <span class='ocr_line' id='line_1_10' title="bbox 320 1044 1720 1111; baseline -0.002 -18"><span class='ocrx_word' id='word_1_67' title='bbox 320 1058 452 1093; x_wconf 89' lang='lat' dir='ltr'>tetur.</span> <span class='ocrx_word' id='word_1_68' title='bbox 489 1047 561 1093; x_wconf 80' lang='lat' dir='ltr'>Et</span> <span class='ocrx_word' id='word_1_69' title='bbox 590 1064 687 1093; x_wconf 80' lang='lat' dir='ltr'>non</span> <span class='ocrx_word' id='word_1_70' title='bbox 720 1058 826 1093; x_wconf 76' lang='lat' dir='ltr'>erat</span> <span class='ocrx_word' id='word_1_71' title='bbox 849 1048 964 1111; x_wconf 74' lang='lat' dir='ltr'>jam</span> <span class='ocrx_word' id='word_1_72' title='bbox 991 1046 1079 1092; x_wconf 79' lang='lat' dir='ltr'><em>illa</em></span> <span class='ocrx_word' id='word_1_73' title='bbox 1113 1048 1392 1103; x_wconf 67' lang='lat' dir='ltr'>excusatio,</span> <span class='ocrx_word' id='word_1_74' title='bbox 1423 1046 1540 1106; x_wconf 76' lang='lat' dir='ltr'>qaia</span> <span class='ocrx_word' id='word_1_75' title='bbox 1567 1044 1720 1090; x_wconf 77' lang='lat' dir='ltr'>videri</span> 
     </span>
     <span class='ocr_line' id='line_1_11' title="bbox 321 1118 1717 1180; baseline -0.001 -18"><span class='ocrx_word' id='word_1_76' title='bbox 321 1118 443 1163; x_wconf 62' lang='lat' dir='ltr'>milli</span> <span class='ocrx_word' id='word_1_77' title='bbox 461 1118 677 1164; x_wconf 77' lang='lat' dir='ltr'>solebam</span> <span class='ocrx_word' id='word_1_78' title='bbox 695 1128 955 1180; x_wconf 75' lang='lat' dir='ltr'>propterea</span> <span class='ocrx_word' id='word_1_79' title='bbox 979 1124 1192 1164; x_wconf 76' lang='lat' dir='ltr'>nondum</span> <span class='ocrx_word' id='word_1_80' title='bbox 1214 1133 1315 1174; x_wconf 84' lang='lat' dir='ltr'>me,</span> <span class='ocrx_word' id='word_1_81' title='bbox 1342 1125 1615 1177; x_wconf 81' lang='lat' dir='ltr'>contempto</span> <span class='ocrx_word' id='word_1_82' title='bbox 1636 1132 1717 1161; x_wconf 77' lang='lat' dir='ltr'>sce-</span> 
     </span>
     <span class='ocr_line' id='line_1_12' title="bbox 321 1186 1719 1249; baseline -0.001 -17"><span class='ocrx_word' id='word_1_83' title='bbox 321 1187 451 1245; x_wconf 77' lang='lat' dir='ltr'>culo,</span> <span class='ocrx_word' id='word_1_84' title='bbox 485 1191 661 1236; x_wconf 64' lang='lat' dir='ltr'>servire</span> <span class='ocrx_word' id='word_1_85' title='bbox 685 1188 796 1247; x_wconf 66' lang='lat' dir='ltr'>tibi,</span> <span class='ocrx_word' id='word_1_86' title='bbox 828 1191 944 1249; x_wconf 79' lang='grc' dir='ltr'><em>(μιία</em></span> <span class='ocrx_word' id='word_1_87' title='bbox 973 1191 1159 1234; x_wconf 74' lang='lat' dir='ltr'>incerta</span> <span class='ocrx_word' id='word_1_88' title='bbox 1182 1186 1304 1233; x_wconf 67' lang='lat' dir='ltr'>mila·</span> <span class='ocrx_word' id='word_1_89' title='bbox 1323 1197 1446 1234; x_wconf 79' lang='lat' dir='ltr'>esset</span> <span class='ocrx_word' id='word_1_90' title='bbox 1473 1188 1719 1248; x_wconf 76' lang='lat' dir='ltr'>perceptio</span> 
     </span>
     <span class='ocr_line' id='line_1_13' title="bbox 321 1261 1350 1321; baseline -0.002 -16"><span class='ocrx_word' id='word_1_91' title='bbox 321 1261 541 1306; x_wconf 74' lang='lat' dir='ltr'>veritalis</span> <span class='ocrx_word' id='word_1_92' title='bbox 565 1261 705 1321; x_wconf 82' lang='lat' dir='ltr'>:jam</span> <span class='ocrx_word' id='word_1_93' title='bbox 727 1262 853 1306; x_wconf 80' lang='lat' dir='ltr'>enim</span> <span class='ocrx_word' id='word_1_94' title='bbox 877 1270 924 1306; x_wconf 77' lang='lat' dir='ltr'>et</span> <span class='ocrx_word' id='word_1_95' title='bbox 940 1261 1049 1321; x_wconf 77' lang='lat' dir='ltr'>ipsa</span> <span class='ocrx_word' id='word_1_96' title='bbox 1068 1269 1204 1305; x_wconf 74' lang='lat' dir='ltr'>certa</span> <span class='ocrx_word' id='word_1_97' title='bbox 1227 1268 1350 1304; x_wconf 79' lang='lat' dir='ltr'>erat.</span> 
     </span>
    </p>
   </div>
   <div class='ocr_carea' id='block_1_5' title="bbox 711 1409 1303 1467">
    <p class='ocr_par' dir='ltr' id='par_1_5' title="bbox 711 1409 1303 1467">
     <span class='ocr_line' id='line_1_14' title="bbox 711 1409 1303 1467; baseline -0.005 -14"><span class='ocrx_word' id='word_1_98' title='bbox 711 1409 967 1453; x_wconf 79' lang='grc' dir='ltr'><strong>ΑΝΝΟΤΑΤΙΟ</strong></span> <span class='ocrx_word' id='word_1_99' title='bbox 989 1411 1051 1467; x_wconf 85' lang='grc'>(4)</span> <span class='ocrx_word' id='word_1_100' title='bbox 1073 1421 1174 1467; x_wconf 81' lang='lat' dir='ltr'>pag.</span> <span class='ocrx_word' id='word_1_101' title='bbox 1204 1412 1303 1451; x_wconf 88' lang='lat'>107.</span> 
     </span>
    </p>
   </div>
   <div class='ocr_carea' id='block_1_6' title="bbox 321 1566 1725 2197">
    <p class='ocr_par' dir='ltr' id='par_1_6' title="bbox 321 1566 1725 2197">
     <span class='ocr_line' id='line_1_15' title="bbox 382 1566 1723 1628; baseline -0.002 -15"><span class='ocrx_word' id='word_1_102' title='bbox 382 1572 561 1613; x_wconf 84' lang='lat' dir='ltr'>Annum</span> <span class='ocrx_word' id='word_1_103' title='bbox 584 1569 722 1613; x_wconf 86' lang='lat' dir='ltr'>aetatis</span> <span class='ocrx_word' id='word_1_104' title='bbox 739 1569 898 1627; x_wconf 81' lang='lat' dir='ltr'>agebat</span> <span class='ocrx_word' id='word_1_105' title='bbox 919 1569 1187 1612; x_wconf 86' lang='lat' dir='ltr'>tricesimum</span> <span class='ocrx_word' id='word_1_106' title='bbox 1205 1568 1405 1623; x_wconf 87' lang='lat' dir='ltr'>tertium,</span> <span class='ocrx_word' id='word_1_107' title='bbox 1431 1566 1610 1628; x_wconf 83' lang='lat' dir='ltr'>quando</span> <span class='ocrx_word' id='word_1_108' title='bbox 1630 1567 1723 1626; x_wconf 84' lang='lat' dir='ltr'>api-</span> 
     </span>
     <span class='ocr_line' id='line_1_16' title="bbox 323 1637 1724 1698; baseline -0.003 -14"><span class='ocrx_word' id='word_1_109' title='bbox 323 1655 417 1684; x_wconf 86' lang='lat' dir='ltr'>cem</span> <span class='ocrx_word' id='word_1_110' title='bbox 441 1639 647 1683; x_wconf 85' lang='lat' dir='ltr'>ultimum</span> <span class='ocrx_word' id='word_1_111' title='bbox 678 1638 934 1698; x_wconf 75' lang='lat' dir='ltr'>imponebat</span> <span class='ocrx_word' id='word_1_112' title='bbox 960 1638 1063 1682; x_wconf 90' lang='lat' dir='ltr'>huic</span> <span class='ocrx_word' id='word_1_113' title='bbox 1094 1640 1244 1698; x_wconf 64' lang='lat' dir='ltr'>operi,</span> <span class='ocrx_word' id='word_1_114' title='bbox 1277 1637 1504 1685; x_wconf 85' lang='lat' dir='ltr'>verum.id</span> <span class='ocrx_word' id='word_1_115' title='bbox 1537 1637 1724 1681; x_wconf 88' lang='lat' dir='ltr'>scribere</span> 
     </span>
     <span class='ocr_line' id='line_1_17' title="bbox 324 1708 1722 1770; baseline -0.002 -16"><span class='ocrx_word' id='word_1_116' title='bbox 324 1719 518 1770; x_wconf 87' lang='lat' dir='ltr'>coeperat</span> <span class='ocrx_word' id='word_1_117' title='bbox 551 1708 751 1754; x_wconf 90' lang='lat' dir='ltr'>nondum</span> <span class='ocrx_word' id='word_1_118' title='bbox 784 1708 931 1769; x_wconf 88' lang='lat' dir='ltr'>elapso</span> <span class='ocrx_word' id='word_1_119' title='bbox 963 1709 1102 1753; x_wconf 64' lang='lat' dir='ltr'>{etatis</span> <span class='ocrx_word' id='word_1_120' title='bbox 1134 1724 1224 1753; x_wconf 78' lang='lat' dir='ltr'>suae</span> <span class='ocrx_word' id='word_1_121' title='bbox 1253 1724 1368 1753; x_wconf 86' lang='lat' dir='ltr'>anno</span> <span class='ocrx_word' id='word_1_122' title='bbox 1403 1708 1623 1753; x_wconf 88' lang='lat' dir='ltr'>tricesimo</span> <span class='ocrx_word' id='word_1_123' title='bbox 1654 1722 1722 1751; x_wconf 87' lang='lat' dir='ltr'>se-</span> 
     </span>
     <span class='ocr_line' id='line_1_18' title="bbox 322 1778 1724 1841; baseline -0.001 -17"><span class='ocrx_word' id='word_1_124' title='bbox 322 1781 491 1836; x_wconf 79' lang='lat' dir='ltr'>eundo,</span> <span class='ocrx_word' id='word_1_125' title='bbox 519 1779 883 1841; x_wconf 85' lang='lat' dir='ltr'>quandoquidem</span> <span class='ocrx_word' id='word_1_126' title='bbox 903 1780 1163 1824; x_wconf 86' lang='lat' dir='ltr'>inchoatum</span> <span class='ocrx_word' id='word_1_127' title='bbox 1192 1779 1247 1823; x_wconf 85' lang='lat' dir='ltr'>ab</span> <span class='ocrx_word' id='word_1_128' title='bbox 1276 1779 1369 1839; x_wconf 89' lang='lat' dir='ltr'>ipso</span> <span class='ocrx_word' id='word_1_129' title='bbox 1391 1778 1477 1824; x_wconf 86' lang='lat' dir='ltr'>fuit</span> <span class='ocrx_word' id='word_1_130' title='bbox 1494 1788 1594 1824; x_wconf 87' lang='lat' dir='ltr'>ante</span> <span class='ocrx_word' id='word_1_131' title='bbox 1614 1794 1724 1838; x_wconf 88' lang='lat' dir='ltr'>opus</span> 
     </span>
     <span class='ocr_line' id='line_1_19' title="bbox 323 1847 1725 1911; baseline -0.001 -15"><span class='ocrx_word' id='word_1_132' title='bbox 323 1851 381 1896; x_wconf 78' lang='lat' dir='ltr'>cle</span> <span class='ocrx_word' id='word_1_133' title='bbox 413 1851 578 1896; x_wconf 74' lang='lat' dir='ltr'>Beata</span> <span class='ocrx_word' id='word_1_134' title='bbox 621 1851 773 1906; x_wconf 73' lang='lat' dir='ltr'>Vita,</span> <span class='ocrx_word' id='word_1_135' title='bbox 811 1850 932 1911; x_wconf 85' lang='lat' dir='ltr'>quod</span> <span class='ocrx_word' id='word_1_136' title='bbox 962 1850 1167 1896; x_wconf 78' lang='lat' dir='ltr'>videlicet</span> <span class='ocrx_word' id='word_1_137' title='bbox 1207 1866 1303 1896; x_wconf 77' lang='lat' dir='ltr'>non</span> <span class='ocrx_word' id='word_1_138' title='bbox 1334 1860 1447 1910; x_wconf 76' lang='lat' dir='ltr'>post</span> <span class='ocrx_word' id='word_1_139' title='bbox 1483 1848 1629 1895; x_wconf 74' lang='lat' dir='ltr'>libros</span> <span class='ocrx_word' id='word_1_140' title='bbox 1665 1847 1725 1894; x_wconf 79' lang='lat' dir='ltr'>de</span> 
     </span>
     <span class='ocr_line' id='line_1_20' title="bbox 321 1921 1724 1982; baseline -0.002 -15"><span class='ocrx_word' id='word_1_141' title='bbox 321 1921 658 1977; x_wconf 74' lang='lat' dir='ltr'>Academicis,</span> <span class='ocrx_word' id='word_1_142' title='bbox 678 1922 753 1966; x_wconf 86' lang='lat' dir='ltr'>scd</span> <span class='ocrx_word' id='word_1_143' title='bbox 777 1921 1003 1966; x_wconf 84' lang='lat' dir='ltr'>interillos</span> <span class='ocrx_word' id='word_1_144' title='bbox 1022 1937 1065 1966; x_wconf 88' lang='lat' dir='ltr'>se</span> <span class='ocrx_word' id='word_1_145' title='bbox 1088 1921 1304 1981; x_wconf 84' lang='lat' dir='ltr'>scripsisse</span> <span class='ocrx_word' id='word_1_146' title='bbox 1321 1922 1469 1982; x_wconf 84' lang='lat' dir='ltr'>prodit</span> <span class='ocrx_word' id='word_1_147' title='bbox 1490 1921 1567 1965; x_wconf 86' lang='lat' dir='ltr'>lib.</span> <span class='ocrx_word' id='word_1_148' title='bbox 1585 1940 1616 1965; x_wconf 89' lang='lat'>1.</span> <span class='ocrx_word' id='word_1_149' title='bbox 1636 1923 1724 1965; x_wconf 86' lang='lat' dir='ltr'>Re-</span> 
     </span>
     <span class='ocr_line' id='line_1_21' title="bbox 322 1991 1724 2054; baseline -0.001 -16"><span class='ocrx_word' id='word_1_150' title='bbox 322 2003 447 2038; x_wconf 86' lang='lat' dir='ltr'>tract.</span> <span class='ocrx_word' id='word_1_151' title='bbox 477 2010 514 2037; x_wconf 91' lang='lat' dir='ltr'>c.</span> <span class='ocrx_word' id='word_1_152' title='bbox 544 2001 584 2037; x_wconf 77' lang='lat'>2.</span> <span class='ocrx_word' id='word_1_153' title='bbox 615 1993 870 2037; x_wconf 75' lang='lat' dir='ltr'>occasione</span> <span class='ocrx_word' id='word_1_154' title='bbox 901 1991 999 2037; x_wconf 76' lang='lat' dir='ltr'>(liei</span> <span class='ocrx_word' id='word_1_155' title='bbox 1026 1991 1208 2037; x_wconf 75' lang='lat' dir='ltr'>natalis</span> <span class='ocrx_word' id='word_1_156' title='bbox 1242 1994 1341 2049; x_wconf 69' lang='lat' dir='ltr'>sui,</span> <span class='ocrx_word' id='word_1_157' title='bbox 1366 1994 1442 2054; x_wconf 88' lang='lat' dir='ltr'>qui</span> <span class='ocrx_word' id='word_1_158' title='bbox 1475 1993 1520 2036; x_wconf 89' lang='lat' dir='ltr'>in</span> <span class='ocrx_word' id='word_1_159' title='bbox 1554 1992 1724 2036; x_wconf 86' lang='lat' dir='ltr'>decima</span> 
     </span>
     <span class='ocr_line' id='line_1_22' title="bbox 322 2062 1723 2120; baseline -0.001 -11"><span class='ocrx_word' id='word_1_160' title='bbox 322 2065 447 2109; x_wconf 82' lang='lat' dir='ltr'>tertia</span> <span class='ocrx_word' id='word_1_161' title='bbox 461 2064 711 2109; x_wconf 82' lang='lat' dir='ltr'>novembris</span> <span class='ocrx_word' id='word_1_162' title='bbox 724 2062 963 2120; x_wconf 82' lang='lat' dir='ltr'>incidebat,</span> <span class='ocrx_word' id='word_1_163' title='bbox 980 2072 1030 2108; x_wconf 90' lang='lat' dir='ltr'>ut</span> <span class='ocrx_word' id='word_1_164' title='bbox 1043 2072 1227 2109; x_wconf 83' lang='lat' dir='ltr'>testatur</span> <span class='ocrx_word' id='word_1_165' title='bbox 1242 2064 1354 2108; x_wconf 83' lang='lat' dir='ltr'>liber</span> <span class='ocrx_word' id='word_1_166' title='bbox 1368 2062 1428 2108; x_wconf 81' lang='lat' dir='ltr'>de</span> <span class='ocrx_word' id='word_1_167' title='bbox 1442 2062 1605 2110; x_wconf 79' lang='lat' dir='ltr'>Beata</span> <span class='ocrx_word' id='word_1_168' title='bbox 1621 2063 1723 2107; x_wconf 74' lang='lat' dir='ltr'>vita</span> 
     </span>
     <span class='ocr_line' id='line_1_23' title="bbox 328 2135 665 2197; baseline -0.006 -15"><span class='ocrx_word' id='word_1_169' title='bbox 328 2137 372 2182; x_wconf 88' lang='lat' dir='ltr'>in</span> <span class='ocrx_word' id='word_1_170' title='bbox 392 2135 665 2197; x_wconf 60' lang='lat' dir='ltr'>praefatione.</span> 
     </span>
    </p>
   </div>
   <div class='ocr_carea' id='block_1_7' title="bbox 725 2286 1317 2345">
    <p class='ocr_par' dir='ltr' id='par_1_7' title="bbox 725 2286 1317 2345">
     <span class='ocr_line' id='line_1_24' title="bbox 725 2286 1317 2345; baseline -0.008 -15"><span class='ocrx_word' id='word_1_171' title='bbox 725 2287 981 2330; x_wconf 82' lang='lat' dir='ltr'><strong>ANNOTATIO</strong></span> <span class='ocrx_word' id='word_1_172' title='bbox 1004 2286 1068 2344; x_wconf 87' lang='lat'>(5)</span> <span class='ocrx_word' id='word_1_173' title='bbox 1089 2297 1188 2345; x_wconf 80' lang='lat' dir='ltr'>pag.</span> <span class='ocrx_word' id='word_1_174' title='bbox 1217 2286 1317 2327; x_wconf 81' lang='lat'>520.</span> 
     </span>
    </p>
   </div>
   <div class='ocr_carea' id='block_1_8' title="bbox 325 2442 1723 2647">
    <p class='ocr_par' dir='ltr' id='par_1_8' title="bbox 325 2442 1723 2647">
     <span class='ocr_line' id='line_1_25' title="bbox 383 2442 1723 2506; baseline -0.003 -16"><span class='ocrx_word' id='word_1_175' title='bbox 383 2445 685 2506; x_wconf 77' lang='lat' dir='ltr'>Expungenda</span> <span class='ocrx_word' id='word_1_176' title='bbox 707 2444 930 2490; x_wconf 87' lang='lat' dir='ltr'>videretur</span> <span class='ocrx_word' id='word_1_177' title='bbox 944 2443 1158 2506; x_wconf 83' lang='lat' dir='ltr'>particula</span> <span class='ocrx_word' id='word_1_178' title='bbox 1179 2458 1340 2502; x_wconf 84' lang='lat' dir='ltr'>negans</span> <span class='ocrx_word' id='word_1_179' title='bbox 1357 2478 1368 2499; x_wconf 90' lang='lat'>,</span> <span class='ocrx_word' id='word_1_180' title='bbox 1389 2442 1471 2487; x_wconf 87' lang='lat' dir='ltr'>nisi</span> <span class='ocrx_word' id='word_1_181' title='bbox 1493 2450 1658 2486; x_wconf 81' lang='lat' dir='ltr'>extaret</span> <span class='ocrx_word' id='word_1_182' title='bbox 1676 2443 1723 2487; x_wconf 90' lang='lat' dir='ltr'>in</span> 
     </span>
     <span class='ocr_line' id='line_1_26' title="bbox 325 2512 1722 2577; baseline -0.004 -15"><span class='ocrx_word' id='word_1_183' title='bbox 325 2518 451 2562; x_wconf 87' lang='lat' dir='ltr'><strong>MSS.</strong></span> <span class='ocrx_word' id='word_1_184' title='bbox 479 2532 502 2560; x_wconf 85' lang='lat' dir='ltr'>a</span> <span class='ocrx_word' id='word_1_185' title='bbox 524 2516 685 2577; x_wconf 87' lang='lat' dir='ltr'>quibus</span> <span class='ocrx_word' id='word_1_186' title='bbox 707 2526 855 2561; x_wconf 86' lang='lat' dir='ltr'>tamen</span> <span class='ocrx_word' id='word_1_187' title='bbox 878 2531 979 2561; x_wconf 88' lang='lat' dir='ltr'>cum</span> <span class='ocrx_word' id='word_1_188' title='bbox 1009 2515 1153 2560; x_wconf 82' lang='lat' dir='ltr'>absint</span> <span class='ocrx_word' id='word_1_189' title='bbox 1170 2514 1396 2576; x_wconf 82' lang='lat' dir='ltr'>sequentia</span> <span class='ocrx_word' id='word_1_190' title='bbox 1417 2513 1550 2559; x_wconf 84' lang='lat' dir='ltr'>verba</span> <span class='ocrx_word' id='word_1_191' title='bbox 1568 2549 1579 2569; x_wconf 83' lang='lat'>,</span> <span class='ocrx_word' id='word_1_192' title='bbox 1605 2512 1722 2557; x_wconf 85' lang='lat' dir='ltr'>scili-</span> 
     </span>
     <span class='ocr_line' id='line_1_27' title="bbox 328 2582 1723 2647; baseline -0.003 -16"><span class='ocrx_word' id='word_1_193' title='bbox 328 2596 419 2641; x_wconf 79' lang='lat' dir='ltr'>cet,</span> <span class='ocrx_word' id='word_1_194' title='bbox 456 2596 501 2632; x_wconf 83' lang='lat' dir='ltr'>et</span> <span class='ocrx_word' id='word_1_195' title='bbox 524 2588 629 2647; x_wconf 77' lang='lat' dir='ltr'>ipsa</span> <span class='ocrx_word' id='word_1_196' title='bbox 655 2597 873 2633; x_wconf 67' lang='lat' dir='ltr'>extrema</span> <span class='ocrx_word' id='word_1_197' title='bbox 897 2603 991 2633; x_wconf 75' lang='lat' dir='ltr'>non</span> <span class='ocrx_word' id='word_1_198' title='bbox 1021 2595 1217 2647; x_wconf 73' lang='lat' dir='ltr'>poterat</span> <span class='ocrx_word' id='word_1_199' title='bbox 1248 2583 1307 2630; x_wconf 78' lang='lat' dir='ltr'>(le</span> <span class='ocrx_word' id='word_1_200' title='bbox 1341 2583 1496 2641; x_wconf 78' lang='lat' dir='ltr'>mcll0,</span> <span class='ocrx_word' id='word_1_201' title='bbox 1532 2582 1723 2629; x_wconf 82' lang='lat' dir='ltr'>fatemur</span> 
     </span>
    </p>
   </div>
  </div>
 </body>
</html>
