1888 3168
313 194 397 234 470
747 204 778 233 s.
818 206 1047 234 Arausa-im
1083 207 1265 234 EPISCOPI

312 272 417 315 dum
450 270 579 314 sortes
614 271 837 315 ambulare
865 271 1116 326 maluimus,
1146 287 1276 332 quam
1306 271 1448 315 minus
1482 281 1692 331 pennatos

314 357 390 401 per
414 341 633 386 liberiores
665 358 789 387 auras
811 343 1095 403 praecipitare.
1122 345 1186 387 lta
1215 357 1316 397 nos,
1331 341 1555 402 *quantum
1578 343 1694 387 arbi-

313 422 418 467 tror,
436 422 510 457 aut
523 413 632 457 nihil
646 422 722 457 aut
735 429 823 459 non
835 413 1023 457 multum
1038 428 1235 473 peccasse
1251 412 1480 474 judicabit,
1499 413 1534 457 si
1549 422 1694 457 tamen

312 483 366 528 de
399 499 582 528 numero
615 484 869 543 spiritalium
901 484 1094 529 virorum
1133 483 1211 528 iste
1240 483 1386 528 suerit.
1418 486 1527 529 Nam
1568 482 1695 527 turba

312 564 466 599 caeter‘a
490 556 544 599 de
566 554 720 600 scholis
742 552 991 614 linguarum
1014 553 1402 610 tumultuantium,
1425 563 1469 598 et
1490 552 1546 598 ad
1567 553 1694 614 plau-

312 625 509 670 dentium
545 627 771 686 strepitum
808 625 977 684 vulgari
1010 625 1184 670 levitate
1220 625 1485 681 laetantium,
1511 625 1545 670 si
1582 625 1696 670 forte

312 697 485 741 irruerit
523 697 566 741 in
601 698 675 741 has
708 697 887 752 litteras,
913 699 988 741 aut
1020 706 1274 742 contemnet
1305 711 1478 752 omnes,
1504 705 1580 741 aut
1600 695 1696 741 illos

311 770 507 830 quinque
521 769 652 813 libros
665 785 713 813 su
720 769 863 813 {licere
877 769 957 813 sibi
975 769 1273 825 arbitrabitur,
1284 769 1417 813 istum
1429 783 1532 813 vero
1550 769 1595 812 in
1607 783 1696 829 quo

312 839 480 886 fruetus
504 840 678 886 illorum
702 850 787 896 est,
812 840 881 885 vel
903 841 1079 902 abjiciet
1110 842 1233 902 quasi
1261 857 1351 886 non
1383 841 1692 896 necessarium,

310 912 377 957 ve]
404 913 577 957 differet
593 914 714 974 quasi
736 923 833 973 post
860 914 1164 958 necessarium.
1190 913 1397 975 Reliquos
1417 928 1520 958 vero
1544 913 1620 974 qui
1642 911 1698 956 ad

310 984 389 1028 ista
402 983 684 1044 intelligenda
699 983 858 1028 eruditi
876 1000 965 1028 non
983 994 1100 1040 sunt,
1113 984 1147 1028 si
1159 984 1436 1029 sacramentis
1455 984 1698 1028 christianae

311 1056 512 1115 puritatis
534 1055 713 1110 imbuti,
739 1055 784 1099 in
818 1072 956 1100 unum
991 1065 1033 1100 et
1055 1070 1207 1101 verum
1230 1058 1369 1101 Deum
1401 1070 1569 1099 summa
1591 1055 1698 1099 cha-

312 1128 440 1171 ritate
468 1127 679 1182 nitentes,
707 1136 863 1172 cuncta
881 1127 1066 1188 puerilia
1088 1126 1483 1184 transvolaverunt,
1510 1125 1699 1172 fraterne

312 1197 527 1242 admoneo
549 1213 604 1242 ne
622 1196 677 1242 ad
700 1198 780 1242 ista
801 1198 1084 1254 descendant,
1111 1207 1155 1243 et
1176 1214 1277 1243 eum
1293 1199 1366 1243 hic
1387 1197 1586 1243 laborare
1609 1212 1701 1242 eoe-

311 1270 470 1330 perint,
497 1268 551 1314 de
575 1269 776 1314 tarditate
798 1286 874 1315 sua
899 1279 1248 1332 conquerantur,
1273 1270 1522 1330 ignorantes
1544 1269 1702 1314 itinera

311 1339 504 1385 difficilia
527 1351 570 1385 et
591 1340 772 1386 molesta
793 1340 980 1402 pedibus
1003 1341 1105 1398 suis,
1130 1340 1320 1386 volando
1342 1356 1386 1385 se
1412 1355 1538 1401 posse
1567 1339 1700 1385 etiam

310 1412 508 1471 ignorata
537 1413 733 1457 transire.
762 1413 805 1458 Si
828 1422 975 1458 autem
1003 1413 1033 1457 ii
1060 1412 1216 1472 legunt
1243 1412 1319 1473 qui
1341 1421 1384 1456 et
1417 1412 1596 1456 infirmis
1626 1419 1703 1456 aut

310 1483 600 1527 inexercitatis
623 1483 838 1542 gressibus
858 1485 940 1529 hae
963 1483 1188 1529 ambulare
1212 1498 1302 1528 non
1323 1491 1520 1543 possunt,
1540 1491 1584 1527 et
1600 1481 1702 1526 nul-

310 1555 372 1599 las
390 1554 560 1614 pietatis
575 1553 662 1599 alas
684 1555 865 1610 habent,
882 1556 1043 1616 quibus
1061 1555 1141 1599 ista
1159 1554 1357 1613 neglecta
1374 1553 1698 1614 praetervolent,

313 1641 403 1670 non
425 1641 467 1669 se
493 1626 684 1670 inserant
713 1625 1037 1670 inconvenienti
1058 1623 1232 1683 negotio
1251 1645 1261 1682 3
1287 1623 1363 1668 sed
1384 1623 1611 1684 praeceptis
1632 1640 1701 1668 sa-

313 1698 564 1742 luberrimae
588 1697 828 1757 religionis,
853 1706 896 1741 et
913 1696 1017 1742 nido
1044 1696 1146 1741 fidei
1166 1696 1411 1740 christianae
1433 1711 1597 1756 pennas
1617 1703 1703 1740 nu-

311 1770 460 1825 triant,
476 1770 636 1830 quibus
651 1769 847 1814 subvecti
867 1768 1065 1814 laborem
1080 1785 1128 1813 ac
1141 1768 1367 1829 pulverem
1387 1768 1519 1828 hujus
1538 1768 1702 1813 itineris

314 1840 521 1896 evadant,
547 1840 681 1900 magis
703 1841 836 1901 ipsius
866 1841 1017 1900 patriae
1047 1855 1180 1900 quam
1212 1839 1382 1884 viarum
1411 1838 1702 1883 flexuosarum

316 1927 462 1957 amore
484 1912 730 1972 flagrantes.
758 1912 832 1955 His
856 1912 970 1955 enim
992 1912 1086 1956 haec
1115 1911 1272 1971 scripta
1299 1919 1422 1965 sunt,
1451 1909 1527 1971 qui
1549 1909 1702 1954 litteris

314 1984 594 2029 saecularibus
618 1983 769 2039 dediti,
791 1984 954 2041 magnis
977 1982 1257 2043 implicantur
1276 1982 1510 2038 erroribus,
1528 1991 1571 2026 et
1586 1981 1703 2026 bona

314 2056 487 2115 ingenia
508 2057 553 2099 in
575 2055 702 2114 nugis
729 2064 985 2110 conterunt,
1012 2055 1251 2099 nescientes
1275 2054 1383 2115 quid
1409 2052 1471 2098 ibi
1492 2053 1698 2098 delectet.

316 2126 446 2180 Quod
478 2127 508 2171 si
545 2127 959 2180 animadverterent,
992 2125 1192 2170 viderent
1232 2141 1319 2186 qua
1352 2125 1598 2184 effugerent
1629 2122 1702 2167 illa

317 2198 438 2253 retia,
461 2207 502 2241 et
524 2197 723 2258 quisnam
747 2206 855 2241 esset
877 2197 1132 2241 beatissima}
1154 2195 1393 2241 securitatis
1415 2193 1551 2239 loeus.
