1883 3194
535 210 699 242 CONTRA
733 209 994 241 ACADEMICOS
1027 212 1152 239 LIBER
1183 212 1232 239 11.
1527 198 1583 239 43

183 290 409 342 arreptura
430 289 550 337 erat,
575 279 696 324 illam
723 295 811 341 qua
843 277 963 323 lenta
991 277 1311 333 aestuabamus,
1336 276 1584 324 arbitraba-

181 366 282 396 mur
302 352 373 398 vel
390 367 481 397 esse
497 351 748 396 maximam.
774 352 888 397 Cum
901 365 1002 395 ecce
1019 348 1102 393 tibi
1114 347 1217 394 libri
1235 347 1418 409 quidam
1439 347 1582 410 pleni,

182 433 233 469 ut
256 424 315 475 ait
337 423 554 480 Celsinus,
574 423 714 469 bonas
735 438 802 468 res
824 421 1018 467 arabicas
1034 420 1115 466 ubi
1137 418 1398 465 exhalarunt
1418 421 1464 466 in
1485 436 1582 478 nos,

180 495 260 540 ubi
273 495 336 547 illi
351 493 591 540 flammulae
605 494 875 540 instillarunt
895 492 1193 555 pretiosissimi
1208 491 1424 550 unguenti
1442 501 1586 550 guttas

179 568 478 629 paucissimas,
502 565 780 624 incredibile,
798 566 1090 624 Romaniane,
1109 563 1386 620 incredibile,
1412 572 1456 609 et
1469 563 1586 610 ultra

180 655 314 700 quam
337 640 392 683 de
413 655 485 685 me
503 637 687 684 fortasse
704 648 748 683 et
764 648 814 684 tu
831 638 971 684 credis
981 673 997 694 ,
1022 642 1036 694 (
1059 636 1169 698 quid
1185 634 1374 697 amplius
1386 634 1586 697 dicami’)

180 710 310 755 etiam
331 710 442 755 mihi
463 711 544 771 ipsi
566 710 622 755 de
655 726 727 755 me
748 711 843 771 ipso
873 706 1135 755 incredibile
1155 707 1412 753 incendium
1434 708 1586 753 conci-

179 792 345 827 tarunt.
373 783 479 836 Quis
496 798 568 827 me
583 792 690 828 tunc
709 783 875 839 honor,
901 798 1003 844 quae
1019 781 1255 827 hominum
1277 795 1438 841 pompa
1451 816 1461 836 ,
1484 796 1585 841 quae

178 855 317 898 inanis
340 852 468 899 famae
482 854 722 915 cupiditas,
754 853 876 916 quod
894 855 1087 915 denique
1109 854 1242 914 hujus
1262 851 1458 896 mortalis
1479 852 1585 897 vitae

177 925 428 971 fomentum
450 936 582 988 atque
597 927 892 972 retinaculum
906 925 1241 972 commovebat?
1264 927 1446 969 Prorsus
1466 932 1585 969 totus

176 998 223 1043 in
243 1014 313 1042 me
335 999 496 1043 cursim
514 998 730 1043 redibam.
758 998 947 1059 Respexi
968 1006 1143 1042 tantum
1157 1032 1167 1052 ,
1196 996 1433 1051 confiteor,
1460 996 1586 1057 quasi

177 1068 233 1114 de
254 1070 409 1115 itinere
430 1071 477 1115 in
503 1069 623 1115 illam
663 1069 945 1130 religionem,
981 1084 1083 1130 quae
1124 1067 1271 1129 pueris
1306 1066 1434 1112 nobis
1456 1067 1585 1112 insita

176 1150 264 1198 est,
291 1150 335 1186 et
355 1141 614 1186 medullitus
651 1141 877 1202 implicata
905 1160 913 1186 :
939 1156 1095 1186 verum
1128 1149 1278 1184 autem
1297 1140 1390 1200 ipsa
1427 1154 1497 1184 me
1529 1139 1586 1183 ad

173 1229 219 1258 se
235 1213 502 1259 nescientem
524 1213 741 1274 rapiebat.
769 1216 926 1274 Itaque
949 1212 1169 1269 titubans,
1201 1227 1463 1273 properans,
1488 1212 1585 1256 hae-

174 1285 308 1332 sitans
335 1285 493 1345 arripio
515 1283 766 1345 apostolum
788 1283 977 1330 Paulum
999 1303 1009 1329 ι
1034 1286 1190 1345 Neque
1212 1284 1332 1328 enim
1359 1298 1461 1329 vere
1488 1283 1582 1340 isti,

173 1359 381 1419 inquam,
407 1366 532 1401 tanta
562 1357 830 1417 potuissent,
860 1356 1159 1416 vixissentque
1181 1358 1242 1400 ita
1265 1366 1317 1400 ut
1337 1371 1410 1400 eos
1431 1356 1586 1401 vixisse

171 1427 459 1475 manifestum
471 1436 559 1483 est,
579 1427 613 1472 si
630 1442 785 1472 eorum
797 1426 955 1472 litterae
975 1436 1110 1488 atque
1127 1426 1320 1473 rationes
1336 1427 1441 1473 huic
1458 1436 1584 1473 tanto

171 1502 294 1548 bono
327 1501 680 1548 adversarentur.
726 1498 898 1558 Perlegi
935 1508 1084 1545 totum
1118 1498 1411 1545 intentissime
1447 1509 1582 1562 atque

169 1572 438 1620 cautissime.

231 1648 311 1692 VI.
337 1647 465 1690 Tunc
483 1658 590 1690 vero
611 1641 1025 1704 quantulocumque
1040 1642 1134 1703 jam
1168 1641 1338 1688 lumine
1374 1658 1551 1704 asperso
1567 1680 1580 1702 ,

172 1726 296 1763 tanta
316 1732 362 1763 se
381 1715 492 1762 mihi
513 1713 804 1776 philosophiae
836 1712 970 1759 facies
1003 1714 1197 1774 aperuit,
1233 1723 1285 1759 ut
1309 1730 1401 1760 non
1437 1714 1581 1760 dicam

173 1789 282 1846 tibi,
305 1788 383 1850 qui
399 1788 494 1849 ejus
526 1786 765 1846 incognitae
801 1784 917 1830 fame
957 1801 1128 1847 semper
1150 1786 1312 1843 arsisti,
1347 1786 1424 1832 sed
1445 1788 1481 1831 si
1502 1787 1581 1847 ipsi

173 1860 422 1906 adversario
447 1868 527 1905 tuo
542 1894 554 1916 ,
580 1874 605 1903 a
629 1874 720 1920 quo
741 1858 890 1904 nescio
906 1867 1059 1904 utrum
1076 1856 1176 1918 plus
1192 1859 1428 1904 exercearis
1446 1874 1582 1920 quam

172 1931 447 1993 impediaris,
471 1946 570 1979 eam
586 1930 888 1976 demonstrare
904 1929 1166 1990 potuissem,
1191 1945 1248 1975 ne
1269 1928 1345 1975 ille
1367 1938 1411 1975 et
1431 1930 1577 1986 baias,

171 2014 219 2052 et
243 2019 421 2050 amoena
451 2001 675 2064 pomeria,
711 2011 756 2047 et
791 2001 979 2047 delicata
1012 2001 1241 2063 nitidaque
1269 2001 1498 2059 convivia,
1536 2013 1582 2050 et

171 2075 436 2123 domesticos
471 2074 727 2131 histriones,
772 2084 996 2136 postremo
1032 2072 1255 2137 quidquid
1290 2089 1394 2119 eum
1423 2073 1581 2119 aeriter

171 2157 423 2196 commovet
431 2147 479 2192 in
492 2162 797 2209 quascumque
811 2146 1005 2203 delicias,
1026 2145 1235 2208 adjiciens
1247 2155 1292 2191 et
1302 2146 1575 2208 relinquens,

173 2220 231 2267 ad
245 2221 378 2282 hujus
390 2218 772 2282 pulchritudinem
783 2217 976 2265 blandus
989 2234 1113 2264 amor
1126 2227 1169 2264 et
1180 2228 1373 2275 sanctus,
1395 2218 1574 2276 mirans,

174 2291 409 2349 anhelans,
444 2301 635 2338 aestuans
667 2282 907 2337 advolaret.
936 2290 1083 2337 Habet
1112 2290 1229 2336 enim
1258 2300 1303 2337 et
1332 2290 1429 2347 ille,
1455 2291 1579 2353 quod

171 2363 477 2410 confitendum
497 2372 588 2420 est,
613 2363 841 2425 quoddam
872 2362 1007 2409 decus
1036 2363 1195 2419 animi,
1231 2362 1303 2409 vel
1328 2364 1475 2424 potius
1498 2363 1577 2409 de-

170 2435 283 2482 coris
297 2435 422 2497 quasi
437 2445 696 2492 sementem,
716 2433 840 2497 quod
856 2450 1087 2496 erumpere
1102 2435 1305 2481 inveram
1322 2434 1574 2496 pulchritu-

171 2506 323 2553 dinem
335 2507 495 2564 nitens,
511 2517 707 2554 tortuose
722 2524 771 2554 ac
785 2506 1042 2553 deformiter
1054 2507 1169 2552 inter
1183 2507 1336 2552 scabra
1345 2507 1571 2560 vitiorum,

171 2588 215 2623 et
235 2580 352 2625 inter
378 2579 641 2639 opin'ionum
672 2578 898 2625 fallacium
919 2578 1098 2625 dumeta
1121 2578 1360 2625 frondescit
1389 2599 1397 2624 :
1424 2589 1573 2624 tamen
