1888 3168
263 239 346 277 520
708 255 740 281 s.
780 252 1009 282 Aucusnm
1044 255 1229 283 EPISCOPI

257 317 378 377 quod
407 332 497 361 non
532 317 658 362 certis
696 334 774 379 pro
809 335 886 365 suo
925 321 1089 365 semine
1113 319 1463 367 dimensionibus
1485 330 1661 382 tempo-

260 404 358 432 rum
375 398 418 432 et
435 389 662 445 coalescat,
684 399 728 435 et
751 392 979 450 germinet,
1001 401 1045 436 et
1067 392 1113 436 in
1141 409 1266 437 auras
1293 394 1467 450 emicet,
1492 403 1536 439 et
1557 393 1662 439 folia

261 460 463 520 explicet,
490 470 533 505 et
564 461 814 519 roboretur,
848 473 891 508 et
918 464 1008 509 sive
1029 463 1242 522 fructum,
1267 466 1357 511 sive
1386 466 1521 527 ipsius
1556 465 1664 524 ligni

263 532 564 578 occultissimis
589 535 781 580 numeris
805 535 893 580 vim
916 552 1064 582 rursus
1086 537 1261 582 seminis
1285 536 1470 584 referat:
1497 547 1665 600 quanto

258 605 396 665 magis
424 605 681 651 animalium
703 623 901 667 corpora,
927 608 973 652 in
996 608 1157 670 quibus
1184 609 1413 655 intervalla
1435 609 1663 655 membro-

260 692 359 721 rum
398 693 677 723 numerosam
718 679 982 739 parilitatem
1036 680 1178 727 multo
1224 682 1362 742 magis
1411 682 1661 743 aspectibus

262 749 487 794 offerunt?
510 753 577 794 An
606 751 685 794 ista
708 749 763 794 de
786 751 1012 797 elementis
1042 753 1135 797 fieri
1158 762 1363 813 possunt,
1391 762 1436 798 et
1459 754 1552 814 ipsa
1575 753 1664 798 ele-

259 830 408 865 menta
431 837 521 866 non
553 830 796 881 potuerunt
828 823 922 867 fieri
955 822 1010 868 de
1044 824 1214 870 nihilo?
1236 824 1368 879 Quasi
1399 840 1505 870 Vero
1532 823 1665 887 quid-

258 908 391 953 quam
412 893 465 937 sit
487 893 531 936 in
555 894 613 937 eis
644 892 772 938 vilius
802 904 846 939 et
874 895 1088 956 abjectius
1122 913 1255 958 quam
1288 906 1403 941 terra
1433 905 1510 941 est.
1552 899 1661 950 Quae

255 965 396 1024 primo
421 965 667 1024 generalem
690 967 878 1026 speciem
901 969 1094 1028 corporis
1123 968 1283 1025 habet,
1308 969 1355 1012 in
1390 984 1479 1029 qua
1518 967 1662 1012 unitas

261 1035 465 1096 quaedam
489 1046 531 1081 et
550 1038 722 1082 numeri
752 1048 796 1083 et
822 1038 930 1084 ordo
953 1055 1043 1084 esse
1065 1040 1356 1085 convincitur.
1387 1042 1587 1100 Namque
1608 1038 1664 1083 ab

262 1107 408 1169 aliqua
430 1109 635 1169 impertili
659 1119 762 1155 nota
784 1110 830 1156 in
846 1110 1170 1169 longitudinem
1187 1127 1362 1157 necesse
1384 1121 1449 1156 est
1473 1112 1667 1172 porriga-

263 1189 335 1223 tur
367 1179 578 1240 quaelibet
614 1182 705 1242 ejus
737 1183 1020 1243 quantumvis
1053 1199 1186 1244 parva
1226 1183 1463 1244 particula,
1491 1182 1666 1239 tertiam

262 1250 540 1296 latitudinem
573 1263 739 1309 sumat,
764 1263 807 1298 et
833 1263 1035 1315 quartam
1067 1254 1347 1299 altitudinem
1383 1270 1472 1315 qua
1507 1270 1665 1315 corpus

261 1322 484 1382 impletur.
507 1323 633 1367 Unde
655 1340 759 1383 ergo
782 1325 863 1369 iste
885 1341 908 1369 a
935 1325 1077 1385 primo
1094 1342 1234 1387 usque
1256 1325 1312 1371 ad
1335 1335 1545 1388 quartum
1565 1341 1665 1386 pro-

264 1394 492 1453 gressionis
521 1393 713 1441 modus?
743 1396 870 1440 Unde
906 1406 949 1441 et
977 1397 1204 1458 aequalitas
1237 1413 1418 1458 quoque
1449 1397 1664 1457 partium,

262 1483 362 1527 quae
390 1468 436 1510 in
466 1466 743 1526 longitudine
766 1477 809 1512 et
831 1467 1065 1513 latitudine
1094 1478 1138 1513 et
1161 1468 1394 1513 altitudine
1423 1468 1668 1528 reperitur?

263 1537 390 1583 Unde
412 1539 768 1584 conrationalitas
786 1539 993 1600 quaedam
1015 1541 1100 1598 (ita
1123 1540 1240 1584 enim
1261 1539 1398 1584 malui
1421 1538 1666 1599 analogiam

261 1613 442 1670 vocare)
458 1619 508 1654 ut
526 1626 659 1671 quam
678 1611 892 1655 rationem
910 1611 1045 1656 habet
1066 1610 1300 1671 longitudo
1323 1610 1379 1655 ad
1399 1610 1666 1671 impertilem

262 1691 431 1737 notam,
456 1681 655 1726 eamdem
672 1680 861 1726 latitudo
884 1680 939 1727 ad
960 1681 1299 1741 longitudinem,
1325 1691 1369 1726 et
1384 1681 1439 1726 ad
1461 1680 1665 1727 latitudi-

264 1770 366 1798 nem
386 1754 546 1798 habeat
562 1752 775 1798 altitudo?
794 1752 918 1798 Unde
937 1769 1085 1814 quaeso
1106 1753 1203 1809 ista,
1220 1753 1303 1798 nisi
1319 1753 1376 1798 ab
1394 1752 1471 1798 illo
1492 1767 1665 1798 summo

265 1835 397 1887 atque
430 1834 594 1870 aeterno
628 1825 874 1885 principatu
908 1840 1195 1869 numerorum
1223 1834 1266 1869 et
1299 1823 1596 1869 similitudinis
1622 1832 1666 1868 et

265 1897 526 1959 aequalitatis
555 1907 597 1941 et
620 1897 784 1942 ordinis
805 1897 1021 1942 veniunt?
1045 1898 1180 1958 Atqui
1216 1897 1308 1941 haec
1341 1898 1374 1941 si
1408 1905 1536 1941 terrae
1558 1896 1665 1942 ade-

263 1971 408 2025 meris,
429 1969 539 2013 nihil
561 1969 656 2013 erit.
679 1968 894 2022 Quocirca
918 1969 1195 2028 omnipotens
1218 1971 1334 2013 Deus
1357 1977 1520 2013 terram
1540 1968 1661 2023 fecit,

266 2052 310 2087 et
332 2042 386 2086 de
411 2040 548 2086 nihilo
572 2050 684 2085 terra
709 2039 821 2085 facta
845 2049 922 2084 est.

326 2115 488 2156 LVIII.
511 2111 628 2166 Quid
646 2127 793 2171 porro,
813 2111 905 2172 ipsa
920 2111 1098 2171 species,
1124 2127 1212 2171 qua
1232 2111 1337 2155 item
1359 2126 1382 2155 a
1399 2110 1566 2155 caeteris
1581 2109 1666 2155 ele-

266 2184 424 2228 mentis
446 2193 559 2227 terra
576 2182 852 2237 discernitur,
875 2198 1023 2227 nonne
1040 2191 1081 2226 et
1097 2197 1238 2226 unum
1256 2180 1425 2242 aliquid
1444 2191 1665 2242 quantum

266 2255 434 2315 accepit
461 2264 672 2309 ostentat,
700 2264 743 2298 et
771 2253 893 2298 nulla
918 2269 1017 2314 pars
1040 2255 1130 2314 ejus
1160 2269 1183 2297 a
1216 2261 1309 2297 toto
1341 2262 1406 2296 est
1427 2252 1662 2309 dissimilis,

268 2336 312 2370 et
345 2325 599 2370 earumdem
635 2325 803 2385 patium
837 2325 1106 2369 connexione
1139 2332 1270 2385 atque
1317 2323 1550 2368 concordia
1585 2340 1664 2370 suo

268 2413 423 2456 genere
452 2396 783 2441 saluberrimam
810 2396 957 2440 sedem
991 2396 1187 2440 infimam
1227 2398 1373 2440 tenet?
1395 2396 1479 2441 Cui
1506 2412 1664 2456 super-

271 2469 472 2514 funditur
509 2484 722 2529 aquarum
757 2478 935 2523 natura,
973 2469 1115 2512 nitens
1142 2477 1184 2512 et
1214 2468 1305 2527 ipsa
1339 2467 1395 2512 ad
1426 2468 1660 2524 unitatem,

268 2540 499 2601 speciosior
522 2550 565 2584 et
591 2539 857 2599 perlucidior
888 2548 1067 2600 propter
1096 2541 1307 2600 majorem
1330 2538 1661 2584 similitudinem

264 2612 470 2673 partium,
498 2622 541 2657 et
563 2610 810 2657 custodiens
832 2611 980 2657 locum
997 2611 1161 2658 ordinis
1179 2621 1222 2658 et
1243 2611 1393 2658 salutis
1414 2627 1518 2657 suae.
1542 2610 1660 2664 Quid
