1883 3194
205 300 296 384 S.
363 298 630 382 AUR.
698 300 1486 402 AUGUSTINU&

421 535 865 585 HIPPONENSIS
898 537 1268 588 EPISCOPUS

739 739 811 769 AN.
849 728 950 770 430.

706 990 994 1028 LATINUS.

210 1596 451 1649 'Aurelius
464 1596 783 1665 Augustinus
810 1599 1054 1664 Thagaste
1081 1599 1134 1647 in
1149 1598 1386 1648 Numidia
1409 1618 1544 1649 anno

143 1676 238 1736 354
260 1679 472 1727 Patricio
508 1688 671 1743 patre,
694 1686 741 1725 et
759 1687 916 1725 matre
944 1678 1147 1726 Monica
1172 1687 1313 1726 natus
1332 1713 1344 1736 ‚
1374 1679 1439 1725 ita
1465 1679 1548 1726 in-

140 1758 246 1804 fans
265 1774 293 1803 a
314 1757 596 1804 beatissima
619 1756 701 1803 illa
716 1756 913 1803 foemina
935 1755 1106 1820 primis
1127 1756 1373 1821 religionis
1390 1756 1550 1805 chris-

139 1835 286 1884 tianae
313 1834 570 1899 principiis
597 1842 670 1881 est
704 1834 922 1881 imbutus
942 1868 954 1891 ‚
989 1841 1040 1880 ut
1059 1834 1192 1898 gravi
1212 1834 1393 1881 morbo
1417 1835 1552 1883 labo-

141 1930 254 1960 rans
302 1913 550 1977 baptisma
588 1913 801 1960 studiose
843 1912 1136 1976 postularet,
1164 1912 1300 1974 quod
1344 1913 1393 1960 vi
1429 1913 1548 1961 mali

142 1991 445 2048 remittente,
476 1990 680 2038 dilatum
703 1998 789 2037 est.
816 1990 961 2036 Pater
985 1997 1152 2036 autem
1178 2007 1281 2037 non
1301 1999 1405 2038 tam
1431 1992 1548 2039 reli-

140 2070 289 2135 giosae
314 2069 668 2127 observantiae5
693 2086 842 2132 quam
863 2070 1126 2117 mundanae
1153 2070 1298 2117 famae
1320 2071 1544 2134 cupidus,

143 2147 387 2212 Thagaste
436 2147 656 2210 primum
704 2147 1036 2211 grammaticae
1087 2147 1274 2211 legibus
1293 2184 1305 2205 ‚
1366 2148 1545 2196 deinde

142 2226 389 2273 Madaurae
406 2225 577 2272 litteris
594 2225 969 2273 humanioribus
985 2262 996 2284 ‚
1027 2225 1321 2290 Carthagine
1343 2226 1548 2275 demum

144 2303 400 2351 rhetoricae
413 2303 637 2351 doctrina
653 2304 1029 2352 informandum
1053 2304 1250 2352 curavit.
1269 2304 1548 2352 Severiori-

142 2381 237 2429 bus
248 2381 328 2428 ille
343 2398 518 2446 parum
536 2381 824 2445 disciplinis,
841 2382 1053 2430 nimium
1071 2397 1188 2430 vero
1203 2385 1459 2445 po‘e'tarum
1473 2382 1549 2433 fic-

141 2458 358 2505 tionibus
372 2459 645 2523 indulgens,
674 2459 726 2507 in
741 2459 856 2506 vitia
872 2460 1015 2508 simul
1043 2469 1090 2507 et
1111 2459 1341 2508 haeresim
1376 2461 1549 2508 Mani-

146 2536 398 2584 chaeorum
417 2537 672 2601 prolapsus
696 2545 783 2584 est.
823 2539 1080 2586 Gaudebat
1105 2546 1270 2586 tamen
1293 2538 1546 2587 Ciceronis

1297 2613 1335 2653 L
