1888 3168
324 183 405 224 498
759 192 790 217 s.
828 192 1058 220 AUGUSTINI
1094 194 1275 221 EPISCOPI

314 275 423 320 quos
441 261 579 304 Graeci
600 266 752 313 περιόδοις
767 267 945 314 vocant,
961 273 1196 319 versusque
1208 259 1468 317 figurantur,
1488 261 1711 321 quomodo

314 330 366 374 ad
388 328 588 374 eamdem
611 329 907 390 aequalitatem
937 329 1145 374 secretius
1164 328 1330 375 reditur
1344 366 1355 386 ,
1382 330 1462 375 nisi
1485 339 1536 375 ut
1554 332 1598 376 in
1621 348 1712 377 am-

312 400 408 445 bitu
423 401 594 445 brevius
612 400 861 446 membrum
879 400 1033 460 majori
1052 400 1299 460 aequalibus
1316 400 1504 461 pedibus
1517 400 1574 446 ad
1590 401 1713 461 plau-

312 486 409 515 sum
431 472 688 528 conveniat,
715 472 820 516 etin
842 486 971 515 versu
993 470 1233 516 occultiore
1260 470 1609 516 consideratione
1626 488 1712 518 nu-

312 558 557 599 merorum,
583 559 656 599 ea,
681 559 781 604 quae
812 541 1043 603 inaequalia
1084 542 1282 587 membra
1315 543 1588 603 junguntur,
1623 543 1713 588 vim

313 613 574 675 aequalitatis
595 614 756 658 habere
778 612 1090 658 inveniantur?

372 687 583 731 XXVIII.
620 685 786 739 Quaerit
808 700 911 744 ergo
934 686 1044 729 ratio
1058 718 1069 740 ,
1086 693 1130 728 et
1147 683 1367 728 carnalem
1387 684 1545 729 animae
1564 683 1714 729 delec-

312 755 546 811 tationem,
570 772 670 817 quae
695 755 922 817 judiciales
954 764 1098 815 partes
1120 754 1204 798 sibi
1223 753 1500 811 vindicabat,
1525 755 1714 800 interro-

314 835 402 885 gat,
419 842 521 872 cum
535 842 630 871 eam
644 826 689 870 in
702 826 942 887 spatiorum
957 824 1267 886 temporalium
1282 825 1475 869 numeris
1488 824 1715 886 aequalitas

310 898 501 944 mulceat
514 934 524 954 ‚
541 908 690 944 utrum
702 898 803 943 duze
817 897 920 957 ‘ylla
942 897 1010 942 1)ae
1028 898 1184 942 breves
1205 912 1509 958 quascumque
1527 896 1716 941 audierit

314 985 414 1013 vere
437 971 523 1015 sint
545 969 763 1031 aequales,
788 986 843 1014 an
878 970 971 1014 fieri
999 969 1157 1030 possit,
1180 978 1229 1013 ut
1266 985 1353 1014 una
1387 984 1538 1013 earum
1560 967 1717 1013 edatur

319 1041 575 1101 productius
589 1077 600 1098 ,
625 1057 716 1086 11011
753 1056 892 1102 usque
926 1039 982 1085 ad
1013 1040 1159 1100 longae
1193 1040 1374 1099 syllabae
1396 1039 1605 1096 modum,
1642 1037 1717 1083 sed

313 1110 427 1157 infra
440 1111 769 1173 quantumlibet
780 1147 791 1168 ,
810 1127 899 1173 quo
915 1121 1063 1156 tamen
1077 1111 1256 1156 excedat
1270 1111 1431 1156 sociam
1443 1126 1582 1156 suam.
1600 1112 1717 1156 Num

315 1183 466 1240 negari
503 1191 646 1241 potest
678 1183 771 1227 fieri
792 1199 918 1243 posse
937 1219 947 1239 ,
973 1199 1076 1228 cum
1108 1183 1202 1227 haec
1235 1181 1470 1227 delectatio
1508 1182 1589 1226 ista
1626 1196 1718 1225 non

314 1252 493 1309 sentiat,
518 1262 561 1297 et
577 1253 869 1313 inaequalibus
890 1254 1012 1299 velut
1029 1254 1274 1313 aequalibus
1299 1253 1519 1315 gaudeat?
1534 1268 1624 1315 quo
1645 1267 1718 1296 er-

315 1339 412 1369 rore
435 1333 479 1369 et
497 1322 795 1385 inaequalitate
817 1322 927 1384 quid
948 1322 1150 1383 turpius?
1169 1329 1234 1367 Ex
1251 1341 1339 1383 quo
1354 1324 1646 1371 admonemur
1663 1322 1718 1368 ab

314 1396 382 1440 his
414 1404 607 1440 avertere
650 1393 885 1455 gaudium,
922 1410 1021 1454 quae
1054 1393 1283 1438 imitantur
1318 1392 1640 1454 aequalitatem,
1677 1401 1720 1436 et

317 1476 469 1511 utrum
485 1465 713 1528 impleant,
731 1463 1103 1525 comprehendere
1118 1480 1208 1509 non
1223 1479 1453 1524 possumus
1469 1482 1478 1508 2
1496 1463 1584 1508 imo
1597 1461 1721 1523 quod

315 1554 406 1583 non
420 1536 631 1598 impleant
644 1535 824 1582 fortasse
838 1534 1252 1596 comprehendimus
1266 1556 1277 1593 3
1294 1544 1337 1579 et
1356 1544 1503 1580 tamen
1514 1534 1562 1579 in
1574 1549 1719 1596 quan-

316 1617 412 1653 tum
434 1608 661 1653 imitantur
676 1642 688 1664 ,
714 1606 898 1668 pulchra
920 1622 1011 1653 esse
1033 1606 1079 1652 in
1100 1622 1180 1653 suo
1203 1621 1363 1667 genere
1382 1615 1427 1652 et
1442 1605 1598 1651 ordine
1620 1620 1716 1662 suo,

320 1695 478 1740 negare
499 1695 591 1726 non
612 1694 857 1740 possumus.

323 1824 1715 1846 ΜΜΜΜΜΜΝΜΜΜΜἉΜΧἍἊΜΜἏΜΜΜΜΜΜΜΑΜΑΜΜΜΜ

850 1928 1069 1978 CAPUT
1106 1929 1194 1976 XI.

323 2051 357 2102 I
357 2050 648 2117 asertoribus
669 2068 766 2098 non
788 2049 993 2115 offendi,
1018 2049 1131 2096 solis
1166 2046 1490 2110 superioribus
1511 2047 1720 2092 numeris

383 2123 620 2170 delectari
656 2124 889 2170 convenit.
922 2149 982 2160 ·--
1012 2121 1310 2183 Dfferentz'a
1348 2118 1629 2178 phantasia>
1677 2126 1723 2162 et

382 2195 763 2257 phantasmatis.

388 2325 553 2368 XXIX.
589 2325 685 2369 Non:
724 2336 827 2381 crgo
860 2319 1132 2366 invideamus
1169 2317 1449 2362 inferioribus
1469 2330 1602 2377 quam
1645 2329 1723 2360 nos

297 2431 304 2437 ·
331 2413 501 2451 sumus,
530 2410 696 2456 nosque
719 2394 830 2454 ipsos
854 2393 966 2437 inter
989 2391 1062 2436 illa
1084 2407 1183 2452 quae
1206 2389 1318 2434 infra
1339 2405 1418 2434 nos
1434 2397 1558 2444 sunt,
1580 2396 1623 2431 et
1649 2385 1723 2431 illa

331 2487 430 2531 quse
453 2485 581 2529 supra
600 2484 677 2512 nos
694 2476 817 2519 sunt,
840 2466 897 2509 ita
924 2469 1010 2508 Deo
1034 2473 1076 2508 et
1098 2462 1284 2507 Domino
1308 2471 1456 2507 nostro
1479 2459 1722 2520 opitulante

332 2541 608 2595 ordiiwmus,
637 2548 685 2583 111
708 2536 985 2582 iniierioribus
1008 2551 1097 2580 11011
1120 2533 1418 2588 ostendamur,
1444 2530 1543 2580 solis
1576 2539 1718 2576 autem
