<?xml version="1.0" encoding="UTF-8"?>
<!DOCTYPE html PUBLIC "-//W3C//DTD XHTML 1.0 Transitional//EN"
    "http://www.w3.org/TR/xhtml1/DTD/xhtml1-transitional.dtd">
<html xmlns="http://www.w3.org/1999/xhtml" xml:lang="en" lang="en">
 <head>
  <title>
</title>
<meta http-equiv="Content-Type" content="text/html;charset=utf-8" />
  <meta name='ocr-system' content='tesseract 3.04.00' />
  <meta name='ocr-capabilities' content='ocr_page ocr_carea ocr_par ocr_line ocrx_word'/>
</head>
<body>
  <div class='ocr_page' id='page_1' title='image "./operaomniaaccura01auguuoft_0195.png"; bbox 0 0 1852 3163; ppageno 0'>
   <div class='ocr_carea' id='block_1_1' title="bbox 632 144 1571 187">
    <p class='ocr_par' dir='ltr' id='par_1_1' title="bbox 632 144 1571 187">
     <span class='ocr_line' id='line_1_1' title="bbox 632 144 1571 187; baseline -0.005 0"><span class='ocrx_word' id='word_1_1' title='bbox 632 159 686 187; x_wconf 83' lang='lat' dir='ltr'>DE</span> <span class='ocrx_word' id='word_1_2' title='bbox 719 157 880 187; x_wconf 78' lang='lat' dir='ltr'>onmNE</span> <span class='ocrx_word' id='word_1_3' title='bbox 913 158 996 185; x_wconf 79' lang='lat' dir='ltr'>Lm.</span> <span class='ocrx_word' id='word_1_4' title='bbox 1035 159 1083 185; x_wconf 84' lang='lat'>11.</span> <span class='ocrx_word' id='word_1_5' title='bbox 1490 144 1571 183; x_wconf 80' lang='lat'>185</span> 
     </span>
    </p>
   </div>
   <div class='ocr_carea' id='block_1_2' title="bbox 173 221 1582 2439">
    <p class='ocr_par' dir='ltr' id='par_1_2' title="bbox 173 221 1582 1507">
     <span class='ocr_line' id='line_1_2' title="bbox 179 221 1575 286; baseline -0.004 -14"><span class='ocrx_word' id='word_1_6' title='bbox 179 226 384 273; x_wconf 78' lang='lat' dir='ltr'>videmiae</span> <span class='ocrx_word' id='word_1_7' title='bbox 402 225 652 286; x_wconf 82' lang='lat' dir='ltr'>gubernari.</span> <span class='ocrx_word' id='word_1_8' title='bbox 678 224 764 270; x_wconf 87' lang='lat' dir='ltr'>Alii</span> <span class='ocrx_word' id='word_1_9' title='bbox 781 233 926 269; x_wconf 86' lang='lat' dir='ltr'>autem</span> <span class='ocrx_word' id='word_1_10' title='bbox 945 224 1004 284; x_wconf 89' lang='lat' dir='ltr'>pii</span> <span class='ocrx_word' id='word_1_11' title='bbox 1018 232 1061 267; x_wconf 88' lang='lat' dir='ltr'>et</span> <span class='ocrx_word' id='word_1_12' title='bbox 1074 223 1179 267; x_wconf 91' lang='lat' dir='ltr'>boni</span> <span class='ocrx_word' id='word_1_13' title='bbox 1199 232 1330 284; x_wconf 85' lang='lat' dir='ltr'>atque</span> <span class='ocrx_word' id='word_1_14' title='bbox 1345 221 1575 282; x_wconf 88' lang='lat' dir='ltr'>splendido</span> 
     </span>
     <span class='ocr_line' id='line_1_3' title="bbox 178 295 1577 359; baseline -0.004 -16"><span class='ocrx_word' id='word_1_15' title='bbox 178 299 356 358; x_wconf 82' lang='lat' dir='ltr'>ingenio</span> <span class='ocrx_word' id='word_1_16' title='bbox 368 296 556 359; x_wconf 75' lang='lat' dir='ltr'>praediti,</span> <span class='ocrx_word' id='word_1_17' title='bbox 576 297 654 358; x_wconf 88' lang='lat' dir='ltr'>qui</span> <span class='ocrx_word' id='word_1_18' title='bbox 666 312 810 358; x_wconf 85' lang='lat' dir='ltr'>neque</span> <span class='ocrx_word' id='word_1_19' title='bbox 825 311 903 340; x_wconf 89' lang='lat' dir='ltr'>nos</span> <span class='ocrx_word' id='word_1_20' title='bbox 915 295 1055 339; x_wconf 86' lang='lat' dir='ltr'>deseri</span> <span class='ocrx_word' id='word_1_21' title='bbox 1069 311 1092 338; x_wconf 85' lang='lat' dir='ltr'>a</span> <span class='ocrx_word' id='word_1_22' title='bbox 1106 310 1277 339; x_wconf 88' lang='lat' dir='ltr'>summo</span> <span class='ocrx_word' id='word_1_23' title='bbox 1292 297 1381 338; x_wconf 83' lang='lat' dir='ltr'>Deo</span> <span class='ocrx_word' id='word_1_24' title='bbox 1392 302 1577 354; x_wconf 77' lang='lat' dir='ltr'>possunt</span> 
     </span>
     <span class='ocr_line' id='line_1_4' title="bbox 178 364 1577 426; baseline -0.004 -13"><span class='ocrx_word' id='word_1_25' title='bbox 178 370 224 414; x_wconf 92' lang='lat' dir='ltr'>in</span> <span class='ocrx_word' id='word_1_26' title='bbox 241 371 436 415; x_wconf 86' lang='lat' dir='ltr'>animum</span> <span class='ocrx_word' id='word_1_27' title='bbox 453 369 662 414; x_wconf 80' lang='lat' dir='ltr'>inducere</span> <span class='ocrx_word' id='word_1_28' title='bbox 680 404 691 425; x_wconf 86' lang='lat'>,</span> <span class='ocrx_word' id='word_1_29' title='bbox 718 378 762 413; x_wconf 88' lang='lat' dir='ltr'>et</span> <span class='ocrx_word' id='word_1_30' title='bbox 778 377 927 412; x_wconf 86' lang='lat' dir='ltr'>tamen</span> <span class='ocrx_word' id='word_1_31' title='bbox 948 382 1096 410; x_wconf 86' lang='lat' dir='ltr'>rerum</span> <span class='ocrx_word' id='word_1_32' title='bbox 1122 374 1240 410; x_wconf 85' lang='lat' dir='ltr'>tanta</span> <span class='ocrx_word' id='word_1_33' title='bbox 1254 365 1377 426; x_wconf 81' lang='lat' dir='ltr'>quasi</span> <span class='ocrx_word' id='word_1_34' title='bbox 1394 364 1577 423; x_wconf 84' lang='lat' dir='ltr'>caligine</span> 
     </span>
     <span class='ocr_line' id='line_1_5' title="bbox 179 437 1580 503; baseline -0.004 -17"><span class='ocrx_word' id='word_1_35' title='bbox 179 451 311 503; x_wconf 88' lang='lat' dir='ltr'>atque</span> <span class='ocrx_word' id='word_1_36' title='bbox 326 440 636 487; x_wconf 82' lang='lat' dir='ltr'>commixtione</span> <span class='ocrx_word' id='word_1_37' title='bbox 650 441 817 485; x_wconf 87' lang='lat' dir='ltr'>turbati</span> <span class='ocrx_word' id='word_1_38' title='bbox 834 437 1008 483; x_wconf 89' lang='lat' dir='ltr'>nullum</span> <span class='ocrx_word' id='word_1_39' title='bbox 1023 438 1224 483; x_wconf 82' lang='lat' dir='ltr'>ordinem</span> <span class='ocrx_word' id='word_1_40' title='bbox 1242 437 1413 492; x_wconf 84' lang='lat' dir='ltr'>vident,</span> <span class='ocrx_word' id='word_1_41' title='bbox 1428 437 1580 481; x_wconf 84' lang='lat' dir='ltr'>volen-</span> 
     </span>
     <span class='ocr_line' id='line_1_6' title="bbox 178 511 1578 575; baseline -0.004 -17"><span class='ocrx_word' id='word_1_42' title='bbox 178 522 330 575; x_wconf 87' lang='lat' dir='ltr'>tesque</span> <span class='ocrx_word' id='word_1_43' title='bbox 355 513 439 558; x_wconf 90' lang='lat' dir='ltr'>sibi</span> <span class='ocrx_word' id='word_1_44' title='bbox 467 512 626 557; x_wconf 85' lang='lat' dir='ltr'>nudari</span> <span class='ocrx_word' id='word_1_45' title='bbox 649 511 936 557; x_wconf 86' lang='lat' dir='ltr'>additissimas</span> <span class='ocrx_word' id='word_1_46' title='bbox 954 527 1104 556; x_wconf 83' lang='lat' dir='ltr'>causas</span> <span class='ocrx_word' id='word_1_47' title='bbox 1121 546 1131 565; x_wconf 90' lang='lat'>,</span> <span class='ocrx_word' id='word_1_48' title='bbox 1159 524 1324 554; x_wconf 87' lang='lat' dir='ltr'>errores</span> <span class='ocrx_word' id='word_1_49' title='bbox 1342 524 1441 553; x_wconf 90' lang='lat' dir='ltr'>suos</span> <span class='ocrx_word' id='word_1_50' title='bbox 1463 524 1578 568; x_wconf 76' lang='lat' dir='ltr'>saepe</span> 
     </span>
     <span class='ocr_line' id='line_1_7' title="bbox 177 580 1580 646; baseline -0.004 -17"><span class='ocrx_word' id='word_1_51' title='bbox 177 585 308 629; x_wconf 89' lang='lat' dir='ltr'>etiam</span> <span class='ocrx_word' id='word_1_52' title='bbox 320 584 588 630; x_wconf 82' lang='lat' dir='ltr'>carminibus</span> <span class='ocrx_word' id='word_1_53' title='bbox 603 593 938 646; x_wconf 85' lang='lat' dir='ltr'>conqueruntur</span> <span class='ocrx_word' id='word_1_54' title='bbox 949 584 978 626; x_wconf 86' lang='lat'>¹.</span> <span class='ocrx_word' id='word_1_55' title='bbox 995 583 1080 637; x_wconf 83' lang='lat' dir='ltr'>Qui</span> <span class='ocrx_word' id='word_1_56' title='bbox 1095 583 1129 627; x_wconf 89' lang='lat' dir='ltr'>si</span> <span class='ocrx_word' id='word_1_57' title='bbox 1142 583 1226 627; x_wconf 93' lang='lat' dir='ltr'>hoc</span> <span class='ocrx_word' id='word_1_58' title='bbox 1242 581 1382 627; x_wconf 90' lang='lat' dir='ltr'>solum</span> <span class='ocrx_word' id='word_1_59' title='bbox 1397 580 1580 625; x_wconf 88' lang='lat' dir='ltr'>interro-</span> 
     </span>
     <span class='ocr_line' id='line_1_8' title="bbox 178 654 1580 717; baseline -0.004 -17"><span class='ocrx_word' id='word_1_60' title='bbox 178 665 281 715; x_wconf 80' lang='lat' dir='ltr'>gent</span> <span class='ocrx_word' id='word_1_61' title='bbox 293 672 388 713; x_wconf 89' lang='lat' dir='ltr'>,cur</span> <span class='ocrx_word' id='word_1_62' title='bbox 403 656 502 702; x_wconf 82' lang='lat' dir='ltr'>Itali</span> <span class='ocrx_word' id='word_1_63' title='bbox 516 672 687 717; x_wconf 91' lang='lat' dir='ltr'>semper</span> <span class='ocrx_word' id='word_1_64' title='bbox 702 671 873 701; x_wconf 85' lang='lat' dir='ltr'>serenas</span> <span class='ocrx_word' id='word_1_65' title='bbox 885 655 1066 713; x_wconf 81' lang='lat' dir='ltr'>hyemes</span> <span class='ocrx_word' id='word_1_66' title='bbox 1082 664 1223 711; x_wconf 86' lang='lat' dir='ltr'>orent,</span> <span class='ocrx_word' id='word_1_67' title='bbox 1236 654 1397 698; x_wconf 87' lang='lat' dir='ltr'>etitem</span> <span class='ocrx_word' id='word_1_68' title='bbox 1410 667 1580 712; x_wconf 79' lang='lat' dir='ltr'>semper</span> 
     </span>
     <span class='ocr_line' id='line_1_9' title="bbox 178 723 1576 788; baseline -0.005 -15"><span class='ocrx_word' id='word_1_69' title='bbox 178 725 351 774; x_wconf 85' lang='lat' dir='ltr'>Getulia</span> <span class='ocrx_word' id='word_1_70' title='bbox 373 738 521 774; x_wconf 85' lang='lat' dir='ltr'>nostra</span> <span class='ocrx_word' id='word_1_71' title='bbox 538 729 695 773; x_wconf 88' lang='lat' dir='ltr'>misera</span> <span class='ocrx_word' id='word_1_72' title='bbox 723 728 864 784; x_wconf 79' lang='lat' dir='ltr'>sitiat,</span> <span class='ocrx_word' id='word_1_73' title='bbox 890 727 987 788; x_wconf 88' lang='lat' dir='ltr'>quis</span> <span class='ocrx_word' id='word_1_74' title='bbox 1022 727 1080 771; x_wconf 89' lang='lat' dir='ltr'>eis</span> <span class='ocrx_word' id='word_1_75' title='bbox 1102 725 1230 771; x_wconf 85' lang='lat' dir='ltr'>facile</span> <span class='ocrx_word' id='word_1_76' title='bbox 1270 723 1576 785; x_wconf 82' lang='lat' dir='ltr'>respondebit,</span> 
     </span>
     <span class='ocr_line' id='line_1_10' title="bbox 177 796 1581 862; baseline -0.005 -16"><span class='ocrx_word' id='word_1_77' title='bbox 177 811 253 846; x_wconf 86' lang='lat' dir='ltr'>aut</span> <span class='ocrx_word' id='word_1_78' title='bbox 275 801 352 846; x_wconf 91' lang='lat' dir='ltr'>ubi</span> <span class='ocrx_word' id='word_1_79' title='bbox 374 800 494 862; x_wconf 90' lang='lat' dir='ltr'>apud</span> <span class='ocrx_word' id='word_1_80' title='bbox 506 817 584 846; x_wconf 92' lang='lat' dir='ltr'>nos</span> <span class='ocrx_word' id='word_1_81' title='bbox 606 801 709 846; x_wconf 83' lang='lat' dir='ltr'>inda</span> <span class='ocrx_word' id='word_1_82' title='bbox 725 801 900 861; x_wconf 80' lang='lat' dir='ltr'>gabitur</span> <span class='ocrx_word' id='word_1_83' title='bbox 918 798 1036 844; x_wconf 90' lang='lat' dir='ltr'>illius</span> <span class='ocrx_word' id='word_1_84' title='bbox 1072 799 1235 844; x_wconf 87' lang='lat' dir='ltr'>ordinis</span> <span class='ocrx_word' id='word_1_85' title='bbox 1253 797 1343 843; x_wconf 87' lang='lat' dir='ltr'>ulla</span> <span class='ocrx_word' id='word_1_86' title='bbox 1362 796 1581 857; x_wconf 74' lang='lat' dir='ltr'>suspicio?</span> 
     </span>
     <span class='ocr_line' id='line_1_11' title="bbox 177 866 1581 933; baseline -0.005 -16"><span class='ocrx_word' id='word_1_87' title='bbox 177 875 272 932; x_wconf 83' lang='lat' dir='ltr'>Ego</span> <span class='ocrx_word' id='word_1_88' title='bbox 295 881 467 930; x_wconf 86' lang='lat' dir='ltr'>autem,</span> <span class='ocrx_word' id='word_1_89' title='bbox 489 873 524 918; x_wconf 91' lang='lat' dir='ltr'>si</span> <span class='ocrx_word' id='word_1_90' title='bbox 542 872 650 933; x_wconf 86' lang='lat' dir='ltr'>quid</span> <span class='ocrx_word' id='word_1_91' title='bbox 673 888 792 917; x_wconf 90' lang='lat' dir='ltr'>meos</span> <span class='ocrx_word' id='word_1_92' title='bbox 815 887 994 917; x_wconf 90' lang='lat' dir='ltr'>monere</span> <span class='ocrx_word' id='word_1_93' title='bbox 1006 887 1184 932; x_wconf 88' lang='lat' dir='ltr'>possum</span> <span class='ocrx_word' id='word_1_94' title='bbox 1201 907 1211 926; x_wconf 91' lang='lat'>,</span> <span class='ocrx_word' id='word_1_95' title='bbox 1233 879 1451 931; x_wconf 89' lang='lat' dir='ltr'>quantum</span> <span class='ocrx_word' id='word_1_96' title='bbox 1473 866 1581 911; x_wconf 89' lang='lat' dir='ltr'>mihi</span> 
     </span>
     <span class='ocr_line' id='line_1_12' title="bbox 176 940 1579 1006; baseline -0.004 -18"><span class='ocrx_word' id='word_1_97' title='bbox 176 954 377 1005; x_wconf 84' lang='lat' dir='ltr'>apparet,</span> <span class='ocrx_word' id='word_1_98' title='bbox 403 954 710 1006; x_wconf 84' lang='lat' dir='ltr'>quantumque</span> <span class='ocrx_word' id='word_1_99' title='bbox 733 945 872 989; x_wconf 86' lang='lat' dir='ltr'>sentio</span> <span class='ocrx_word' id='word_1_100' title='bbox 889 980 899 1000; x_wconf 83' lang='lat'>,</span> <span class='ocrx_word' id='word_1_101' title='bbox 926 959 1082 989; x_wconf 92' lang='lat' dir='ltr'>censeo</span> <span class='ocrx_word' id='word_1_102' title='bbox 1104 942 1202 987; x_wconf 91' lang='lat' dir='ltr'>illos</span> <span class='ocrx_word' id='word_1_103' title='bbox 1218 940 1459 1001; x_wconf 86' lang='lat' dir='ltr'>disciplinis</span> <span class='ocrx_word' id='word_1_104' title='bbox 1483 954 1579 983; x_wconf 88' lang='lat' dir='ltr'>om-</span> 
     </span>
     <span class='ocr_line' id='line_1_13' title="bbox 175 1010 1580 1077; baseline -0.004 -17"><span class='ocrx_word' id='word_1_105' title='bbox 175 1016 305 1061; x_wconf 90' lang='lat' dir='ltr'>nibus</span> <span class='ocrx_word' id='word_1_106' title='bbox 326 1015 606 1061; x_wconf 87' lang='lat' dir='ltr'>erudiendos.</span> <span class='ocrx_word' id='word_1_107' title='bbox 632 1016 772 1061; x_wconf 86' lang='lat' dir='ltr'>Aliter</span> <span class='ocrx_word' id='word_1_108' title='bbox 794 1016 958 1077; x_wconf 85' lang='lat' dir='ltr'>quippe</span> <span class='ocrx_word' id='word_1_109' title='bbox 980 1016 1060 1060; x_wconf 86' lang='lat' dir='ltr'>ista</span> <span class='ocrx_word' id='word_1_110' title='bbox 1091 1015 1150 1059; x_wconf 90' lang='lat' dir='ltr'>sic</span> <span class='ocrx_word' id='word_1_111' title='bbox 1173 1013 1389 1073; x_wconf 80' lang='lat' dir='ltr'>intelligi,</span> <span class='ocrx_word' id='word_1_112' title='bbox 1417 1020 1468 1056; x_wconf 89' lang='lat' dir='ltr'>ut</span> <span class='ocrx_word' id='word_1_113' title='bbox 1480 1010 1580 1054; x_wconf 91' lang='lat' dir='ltr'>luce</span> 
     </span>
     <span class='ocr_line' id='line_1_14' title="bbox 175 1084 1580 1148; baseline -0.004 -16"><span class='ocrx_word' id='word_1_114' title='bbox 175 1087 361 1133; x_wconf 81' lang='lat' dir='ltr'>clariora</span> <span class='ocrx_word' id='word_1_115' title='bbox 382 1089 470 1135; x_wconf 87' lang='lat' dir='ltr'>sint</span> <span class='ocrx_word' id='word_1_116' title='bbox 486 1124 496 1144; x_wconf 86' lang='lat'>,</span> <span class='ocrx_word' id='word_1_117' title='bbox 522 1088 646 1134; x_wconf 92' lang='lat' dir='ltr'>nullo</span> <span class='ocrx_word' id='word_1_118' title='bbox 670 1087 803 1133; x_wconf 89' lang='lat' dir='ltr'>modo</span> <span class='ocrx_word' id='word_1_119' title='bbox 821 1096 1020 1148; x_wconf 85' lang='lat' dir='ltr'>possunt.</span> <span class='ocrx_word' id='word_1_120' title='bbox 1041 1087 1085 1132; x_wconf 90' lang='lat' dir='ltr'>Si</span> <span class='ocrx_word' id='word_1_121' title='bbox 1109 1095 1257 1131; x_wconf 85' lang='lat' dir='ltr'>autem</span> <span class='ocrx_word' id='word_1_122' title='bbox 1275 1095 1351 1130; x_wconf 86' lang='lat' dir='ltr'>aut</span> <span class='ocrx_word' id='word_1_123' title='bbox 1367 1084 1580 1144; x_wconf 79' lang='lat' dir='ltr'>pigriores</span> 
     </span>
     <span class='ocr_line' id='line_1_15' title="bbox 175 1154 1582 1221; baseline -0.004 -17"><span class='ocrx_word' id='word_1_124' title='bbox 175 1170 278 1205; x_wconf 91' lang='lat' dir='ltr'>sunt</span> <span class='ocrx_word' id='word_1_125' title='bbox 289 1165 323 1218; x_wconf 81' lang='lat'>²,</span> <span class='ocrx_word' id='word_1_126' title='bbox 350 1170 427 1206; x_wconf 85' lang='lat' dir='ltr'>aut</span> <span class='ocrx_word' id='word_1_127' title='bbox 444 1161 537 1206; x_wconf 88' lang='lat' dir='ltr'>aliis</span> <span class='ocrx_word' id='word_1_128' title='bbox 560 1161 745 1221; x_wconf 81' lang='lat' dir='ltr'>negotiis</span> <span class='ocrx_word' id='word_1_129' title='bbox 766 1160 1085 1221; x_wconf 76' lang='lat' dir='ltr'>praeoccupati,</span> <span class='ocrx_word' id='word_1_130' title='bbox 1112 1168 1189 1203; x_wconf 85' lang='lat' dir='ltr'>aut</span> <span class='ocrx_word' id='word_1_131' title='bbox 1204 1160 1296 1218; x_wconf 79' lang='lat' dir='ltr'>jam</span> <span class='ocrx_word' id='word_1_132' title='bbox 1311 1156 1409 1201; x_wconf 91' lang='lat' dir='ltr'>duri</span> <span class='ocrx_word' id='word_1_133' title='bbox 1423 1155 1479 1200; x_wconf 87' lang='lat' dir='ltr'>ad</span> <span class='ocrx_word' id='word_1_134' title='bbox 1493 1154 1582 1199; x_wconf 87' lang='lat' dir='ltr'>dis-</span> 
     </span>
     <span class='ocr_line' id='line_1_16' title="bbox 175 1226 1582 1293; baseline -0.004 -16"><span class='ocrx_word' id='word_1_135' title='bbox 175 1232 368 1277; x_wconf 90' lang='lat' dir='ltr'>cendum</span> <span class='ocrx_word' id='word_1_136' title='bbox 385 1269 396 1289; x_wconf 87' lang='lat'>,</span> <span class='ocrx_word' id='word_1_137' title='bbox 429 1233 534 1278; x_wconf 88' lang='lat' dir='ltr'>fidei</span> <span class='ocrx_word' id='word_1_138' title='bbox 567 1234 649 1277; x_wconf 88' lang='lat' dir='ltr'>sibi</span> <span class='ocrx_word' id='word_1_139' title='bbox 676 1233 878 1293; x_wconf 73' lang='lat' dir='ltr'>praesidia</span> <span class='ocrx_word' id='word_1_140' title='bbox 901 1239 1058 1291; x_wconf 84' lang='lat' dir='ltr'>parent</span> <span class='ocrx_word' id='word_1_141' title='bbox 1073 1266 1084 1286; x_wconf 73' lang='grc'>,</span> <span class='ocrx_word' id='word_1_142' title='bbox 1112 1246 1201 1291; x_wconf 89' lang='lat' dir='ltr'>quo</span> <span class='ocrx_word' id='word_1_143' title='bbox 1220 1229 1316 1274; x_wconf 91' lang='lat' dir='ltr'>illos</span> <span class='ocrx_word' id='word_1_144' title='bbox 1333 1226 1512 1274; x_wconf 90' lang='lat' dir='ltr'>vinculo</span> <span class='ocrx_word' id='word_1_145' title='bbox 1526 1226 1582 1271; x_wconf 85' lang='lat' dir='ltr'>ad</span> 
     </span>
     <span class='ocr_line' id='line_1_17' title="bbox 175 1297 1580 1363; baseline -0.004 -15"><span class='ocrx_word' id='word_1_146' title='bbox 175 1319 265 1348; x_wconf 88' lang='lat' dir='ltr'>sese</span> <span class='ocrx_word' id='word_1_147' title='bbox 280 1304 447 1359; x_wconf 81' lang='lat' dir='ltr'>trahat,</span> <span class='ocrx_word' id='word_1_148' title='bbox 473 1313 606 1363; x_wconf 85' lang='lat' dir='ltr'>atque</span> <span class='ocrx_word' id='word_1_149' title='bbox 629 1304 684 1347; x_wconf 86' lang='lat' dir='ltr'>ab</span> <span class='ocrx_word' id='word_1_150' title='bbox 703 1303 769 1346; x_wconf 87' lang='lat' dir='ltr'>his</span> <span class='ocrx_word' id='word_1_151' title='bbox 792 1301 1023 1347; x_wconf 83' lang='lat' dir='ltr'>horrendis</span> <span class='ocrx_word' id='word_1_152' title='bbox 1042 1310 1086 1346; x_wconf 93' lang='lat' dir='ltr'>et</span> <span class='ocrx_word' id='word_1_153' title='bbox 1104 1300 1434 1347; x_wconf 87' lang='lat' dir='ltr'>involutissimis</span> <span class='ocrx_word' id='word_1_154' title='bbox 1456 1297 1580 1343; x_wconf 89' lang='lat' dir='ltr'>malis</span> 
     </span>
     <span class='ocr_line' id='line_1_18' title="bbox 174 1371 1579 1435; baseline -0.003 -17"><span class='ocrx_word' id='word_1_155' title='bbox 174 1374 332 1418; x_wconf 85' lang='lat' dir='ltr'>liberet</span> <span class='ocrx_word' id='word_1_156' title='bbox 346 1373 419 1418; x_wconf 89' lang='lat' dir='ltr'>ille</span> <span class='ocrx_word' id='word_1_157' title='bbox 433 1409 443 1430; x_wconf 86' lang='lat'>,</span> <span class='ocrx_word' id='word_1_158' title='bbox 461 1374 539 1435; x_wconf 84' lang='lat' dir='ltr'>qui</span> <span class='ocrx_word' id='word_1_159' title='bbox 552 1373 775 1418; x_wconf 88' lang='lat' dir='ltr'>neminem</span> <span class='ocrx_word' id='word_1_160' title='bbox 788 1373 871 1419; x_wconf 88' lang='lat' dir='ltr'>sibi</span> <span class='ocrx_word' id='word_1_161' title='bbox 886 1389 964 1434; x_wconf 87' lang='lat' dir='ltr'>per</span> <span class='ocrx_word' id='word_1_162' title='bbox 976 1372 1185 1432; x_wconf 82' lang='lat' dir='ltr'>mysteria</span> <span class='ocrx_word' id='word_1_163' title='bbox 1198 1372 1313 1418; x_wconf 89' lang='lat' dir='ltr'>bene</span> <span class='ocrx_word' id='word_1_164' title='bbox 1326 1371 1579 1418; x_wconf 85' lang='lat' dir='ltr'>credentem.</span> 
     </span>
     <span class='ocr_line' id='line_1_19' title="bbox 173 1446 564 1507; baseline 0 -17"><span class='ocrx_word' id='word_1_165' title='bbox 173 1446 315 1507; x_wconf 90' lang='lat' dir='ltr'>perire</span> <span class='ocrx_word' id='word_1_166' title='bbox 333 1446 564 1507; x_wconf 86' lang='lat' dir='ltr'>permittit.</span> 
     </span>
    </p>

    <p class='ocr_par' dir='ltr' id='par_1_3' title="bbox 174 1517 1581 2439">
     <span class='ocr_line' id='line_1_20' title="bbox 233 1517 1579 1580; baseline -0.004 -17"><span class='ocrx_word' id='word_1_167' title='bbox 233 1520 355 1563; x_wconf 86' lang='lat' dir='ltr'><strong>XVI.</strong></span> <span class='ocrx_word' id='word_1_168' title='bbox 384 1518 556 1579; x_wconf 82' lang='lat' dir='ltr'>Duplex</span> <span class='ocrx_word' id='word_1_169' title='bbox 580 1518 697 1563; x_wconf 88' lang='lat' dir='ltr'>enim</span> <span class='ocrx_word' id='word_1_170' title='bbox 715 1527 778 1563; x_wconf 87' lang='lat' dir='ltr'>est</span> <span class='ocrx_word' id='word_1_171' title='bbox 807 1519 875 1563; x_wconf 79' lang='lat' dir='ltr'>via</span> <span class='ocrx_word' id='word_1_172' title='bbox 896 1534 1031 1580; x_wconf 88' lang='lat' dir='ltr'>quam</span> <span class='ocrx_word' id='word_1_173' title='bbox 1064 1517 1290 1579; x_wconf 87' lang='lat' dir='ltr'>sequimur</span> <span class='ocrx_word' id='word_1_174' title='bbox 1307 1532 1410 1562; x_wconf 88' lang='lat' dir='ltr'>cum</span> <span class='ocrx_word' id='word_1_175' title='bbox 1432 1530 1579 1560; x_wconf 88' lang='lat' dir='ltr'>rerum</span> 
     </span>
     <span class='ocr_line' id='line_1_21' title="bbox 174 1588 1574 1646; baseline -0.003 -12"><span class='ocrx_word' id='word_1_176' title='bbox 174 1606 253 1635; x_wconf 91' lang='lat' dir='ltr'>nos</span> <span class='ocrx_word' id='word_1_177' title='bbox 265 1590 507 1635; x_wconf 85' lang='lat' dir='ltr'>obscuritas</span> <span class='ocrx_word' id='word_1_178' title='bbox 514 1599 678 1645; x_wconf 82' lang='lat' dir='ltr'>movet,</span> <span class='ocrx_word' id='word_1_179' title='bbox 694 1599 770 1634; x_wconf 86' lang='lat' dir='ltr'>aut</span> <span class='ocrx_word' id='word_1_180' title='bbox 783 1590 1015 1646; x_wconf 82' lang='lat' dir='ltr'>rationem,</span> <span class='ocrx_word' id='word_1_181' title='bbox 1034 1600 1110 1635; x_wconf 90' lang='lat' dir='ltr'>aut</span> <span class='ocrx_word' id='word_1_182' title='bbox 1121 1599 1238 1634; x_wconf 92' lang='lat' dir='ltr'>certe</span> <span class='ocrx_word' id='word_1_183' title='bbox 1251 1588 1574 1634; x_wconf 85' lang='lat' dir='ltr'>auctoritatem.</span> 
     </span>
     <span class='ocr_line' id='line_1_22' title="bbox 176 1659 1575 1721; baseline -0.002 -16"><span class='ocrx_word' id='word_1_184' title='bbox 176 1659 457 1721; x_wconf 86' lang='lat' dir='ltr'>Philosophia</span> <span class='ocrx_word' id='word_1_185' title='bbox 470 1661 684 1705; x_wconf 85' lang='lat' dir='ltr'>rationem</span> <span class='ocrx_word' id='word_1_186' title='bbox 701 1661 933 1720; x_wconf 84' lang='lat' dir='ltr'>promittit,</span> <span class='ocrx_word' id='word_1_187' title='bbox 949 1670 992 1705; x_wconf 88' lang='lat' dir='ltr'>et</span> <span class='ocrx_word' id='word_1_188' title='bbox 1007 1662 1077 1706; x_wconf 82' lang='lat' dir='ltr'>vix</span> <span class='ocrx_word' id='word_1_189' title='bbox 1093 1661 1375 1721; x_wconf 87' lang='lat' dir='ltr'>paucissimos</span> <span class='ocrx_word' id='word_1_190' title='bbox 1388 1659 1547 1703; x_wconf 84' lang='lat' dir='ltr'>liberat</span> <span class='ocrx_word' id='word_1_191' title='bbox 1566 1677 1575 1703; x_wconf 91' lang='lat'>:</span> 
     </span>
     <span class='ocr_line' id='line_1_23' title="bbox 176 1728 1579 1793; baseline -0.003 -16"><span class='ocrx_word' id='word_1_192' title='bbox 176 1748 286 1793; x_wconf 90' lang='lat' dir='ltr'>quos</span> <span class='ocrx_word' id='word_1_193' title='bbox 308 1741 457 1776; x_wconf 88' lang='lat' dir='ltr'>tamen</span> <span class='ocrx_word' id='word_1_194' title='bbox 478 1748 569 1777; x_wconf 91' lang='lat' dir='ltr'>non</span> <span class='ocrx_word' id='word_1_195' title='bbox 591 1731 724 1777; x_wconf 90' lang='lat' dir='ltr'>modo</span> <span class='ocrx_word' id='word_1_196' title='bbox 746 1748 838 1777; x_wconf 92' lang='lat' dir='ltr'>non</span> <span class='ocrx_word' id='word_1_197' title='bbox 859 1741 1143 1777; x_wconf 83' lang='lat' dir='ltr'>contemnere</span> <span class='ocrx_word' id='word_1_198' title='bbox 1160 1731 1236 1776; x_wconf 87' lang='lat' dir='ltr'>illa</span> <span class='ocrx_word' id='word_1_199' title='bbox 1248 1731 1478 1790; x_wconf 82' lang='lat' dir='ltr'>mysteria,</span> <span class='ocrx_word' id='word_1_200' title='bbox 1503 1728 1579 1774; x_wconf 90' lang='lat' dir='ltr'>sed</span> 
     </span>
     <span class='ocr_line' id='line_1_24' title="bbox 175 1801 1580 1863; baseline -0.003 -15"><span class='ocrx_word' id='word_1_201' title='bbox 175 1804 266 1849; x_wconf 85' lang='lat' dir='ltr'>sola</span> <span class='ocrx_word' id='word_1_202' title='bbox 288 1801 556 1863; x_wconf 78' lang='lat' dir='ltr'>intelligere,</span> <span class='ocrx_word' id='word_1_203' title='bbox 597 1812 648 1847; x_wconf 91' lang='lat' dir='ltr'>ut</span> <span class='ocrx_word' id='word_1_204' title='bbox 689 1802 975 1863; x_wconf 86' lang='lat' dir='ltr'>intelligenda</span> <span class='ocrx_word' id='word_1_205' title='bbox 1010 1813 1113 1848; x_wconf 85' lang='lat' dir='ltr'>sunt</span> <span class='ocrx_word' id='word_1_206' title='bbox 1139 1803 1271 1862; x_wconf 82' lang='lat' dir='ltr'>cogit.</span> <span class='ocrx_word' id='word_1_207' title='bbox 1308 1801 1580 1862; x_wconf 87' lang='lat' dir='ltr'>Nullumque</span> 
     </span>
     <span class='ocr_line' id='line_1_25' title="bbox 177 1874 1579 1936; baseline -0.003 -16"><span class='ocrx_word' id='word_1_208' title='bbox 177 1876 298 1920; x_wconf 82' lang='lat' dir='ltr'>aliud</span> <span class='ocrx_word' id='word_1_209' title='bbox 314 1875 450 1919; x_wconf 88' lang='lat' dir='ltr'>habet</span> <span class='ocrx_word' id='word_1_210' title='bbox 462 1876 702 1934; x_wconf 77' lang='lat' dir='ltr'>negotium,</span> <span class='ocrx_word' id='word_1_211' title='bbox 728 1891 956 1936; x_wconf 31' lang='lat' dir='ltr'>quae-vera,</span> <span class='ocrx_word' id='word_1_212' title='bbox 979 1885 1037 1931; x_wconf 89' lang='lat' dir='ltr'>et,</span> <span class='ocrx_word' id='word_1_213' title='bbox 1064 1875 1186 1920; x_wconf 87' lang='lat' dir='ltr'>utita</span> <span class='ocrx_word' id='word_1_214' title='bbox 1199 1874 1357 1931; x_wconf 88' lang='lat' dir='ltr'>dicam,</span> <span class='ocrx_word' id='word_1_215' title='bbox 1376 1889 1579 1934; x_wconf 84' lang='lat' dir='ltr'>germana</span> 
     </span>
     <span class='ocr_line' id='line_1_26' title="bbox 177 1944 1578 2008; baseline -0.002 -17"><span class='ocrx_word' id='word_1_216' title='bbox 177 1946 454 2008; x_wconf 87' lang='lat' dir='ltr'>philosophia</span> <span class='ocrx_word' id='word_1_217' title='bbox 478 1955 563 2002; x_wconf 85' lang='lat' dir='ltr'>est,</span> <span class='ocrx_word' id='word_1_218' title='bbox 590 1961 724 2006; x_wconf 89' lang='lat' dir='ltr'>quam</span> <span class='ocrx_word' id='word_1_219' title='bbox 741 1955 791 1990; x_wconf 87' lang='lat' dir='ltr'>ut</span> <span class='ocrx_word' id='word_1_220' title='bbox 813 1944 972 1991; x_wconf 86' lang='lat' dir='ltr'>doceat</span> <span class='ocrx_word' id='word_1_221' title='bbox 993 1945 1116 2006; x_wconf 89' lang='lat' dir='ltr'>quod</span> <span class='ocrx_word' id='word_1_222' title='bbox 1135 1946 1189 1990; x_wconf 90' lang='lat' dir='ltr'>sit</span> <span class='ocrx_word' id='word_1_223' title='bbox 1210 1946 1409 1991; x_wconf 87' lang='lat' dir='ltr'>omnium</span> <span class='ocrx_word' id='word_1_224' title='bbox 1432 1960 1578 1988; x_wconf 86' lang='lat' dir='ltr'>rerum</span> 
     </span>
     <span class='ocr_line' id='line_1_27' title="bbox 178 2017 1579 2080; baseline -0.002 -17"><span class='ocrx_word' id='word_1_225' title='bbox 178 2019 443 2080; x_wconf 88' lang='lat' dir='ltr'>principium</span> <span class='ocrx_word' id='word_1_226' title='bbox 466 2018 558 2063; x_wconf 91' lang='lat' dir='ltr'>sine</span> <span class='ocrx_word' id='word_1_227' title='bbox 579 2018 818 2078; x_wconf 83' lang='lat' dir='ltr'>principio,</span> <span class='ocrx_word' id='word_1_228' title='bbox 860 2028 1142 2079; x_wconf 84' lang='lat' dir='ltr'>quantusque</span> <span class='ocrx_word' id='word_1_229' title='bbox 1172 2019 1217 2062; x_wconf 93' lang='lat' dir='ltr'>in</span> <span class='ocrx_word' id='word_1_230' title='bbox 1239 2034 1290 2064; x_wconf 91' lang='lat' dir='ltr'>eo</span> <span class='ocrx_word' id='word_1_231' title='bbox 1314 2027 1489 2062; x_wconf 85' lang='lat' dir='ltr'>maneat</span> <span class='ocrx_word' id='word_1_232' title='bbox 1510 2017 1579 2060; x_wconf 93' lang='lat' dir='ltr'>in-</span> 
     </span>
     <span class='ocr_line' id='line_1_28' title="bbox 180 2089 1581 2151; baseline -0.001 -16"><span class='ocrx_word' id='word_1_233' title='bbox 180 2091 397 2147; x_wconf 83' lang='lat' dir='ltr'>tellectus,</span> <span class='ocrx_word' id='word_1_234' title='bbox 412 2089 576 2151; x_wconf 85' lang='lat' dir='ltr'>quidve</span> <span class='ocrx_word' id='word_1_235' title='bbox 590 2089 695 2134; x_wconf 86' lang='lat' dir='ltr'>inde</span> <span class='ocrx_word' id='word_1_236' title='bbox 716 2090 760 2135; x_wconf 90' lang='lat' dir='ltr'>in</span> <span class='ocrx_word' id='word_1_237' title='bbox 777 2099 969 2135; x_wconf 86' lang='lat' dir='ltr'>nostram</span> <span class='ocrx_word' id='word_1_238' title='bbox 983 2090 1167 2135; x_wconf 84' lang='lat' dir='ltr'>salutem</span> <span class='ocrx_word' id='word_1_239' title='bbox 1183 2091 1274 2135; x_wconf 92' lang='lat' dir='ltr'>sine</span> <span class='ocrx_word' id='word_1_240' title='bbox 1289 2090 1378 2135; x_wconf 86' lang='lat' dir='ltr'>ulla</span> <span class='ocrx_word' id='word_1_241' title='bbox 1395 2091 1581 2149; x_wconf 80' lang='lat' dir='ltr'>degene-</span> 
     </span>
     <span class='ocr_line' id='line_1_29' title="bbox 180 2163 1579 2223; baseline -0.001 -16"><span class='ocrx_word' id='word_1_242' title='bbox 180 2163 350 2207; x_wconf 89' lang='lat' dir='ltr'>ratione</span> <span class='ocrx_word' id='word_1_243' title='bbox 378 2163 619 2207; x_wconf 90' lang='lat' dir='ltr'>manaverit</span> <span class='ocrx_word' id='word_1_244' title='bbox 648 2181 656 2207; x_wconf 91' lang='lat'>:</span> <span class='ocrx_word' id='word_1_245' title='bbox 699 2178 832 2223; x_wconf 65' lang='lat' dir='ltr'>quem,</span> <span class='ocrx_word' id='word_1_246' title='bbox 871 2179 1010 2207; x_wconf 89' lang='lat' dir='ltr'>unum</span> <span class='ocrx_word' id='word_1_247' title='bbox 1047 2166 1187 2208; x_wconf 85' lang='lat' dir='ltr'>Deum</span> <span class='ocrx_word' id='word_1_248' title='bbox 1231 2163 1579 2222; x_wconf 83' lang='lat' dir='ltr'>omnipotentem</span> 
     </span>
     <span class='ocr_line' id='line_1_30' title="bbox 181 2234 1580 2296; baseline -0.001 -17"><span class='ocrx_word' id='word_1_249' title='bbox 181 2250 371 2296; x_wconf 86' lang='lat' dir='ltr'>eumque</span> <span class='ocrx_word' id='word_1_250' title='bbox 393 2235 678 2295; x_wconf 83' lang='lat' dir='ltr'>tripotentem</span> <span class='ocrx_word' id='word_1_251' title='bbox 702 2238 876 2279; x_wconf 80' lang='lat' dir='ltr'>Patrem</span> <span class='ocrx_word' id='word_1_252' title='bbox 900 2244 943 2279; x_wconf 90' lang='lat' dir='ltr'>et</span> <span class='ocrx_word' id='word_1_253' title='bbox 961 2234 1122 2279; x_wconf 89' lang='lat' dir='ltr'>Filium</span> <span class='ocrx_word' id='word_1_254' title='bbox 1146 2244 1188 2278; x_wconf 87' lang='lat' dir='ltr'>et</span> <span class='ocrx_word' id='word_1_255' title='bbox 1213 2234 1421 2295; x_wconf 88' lang='lat' dir='ltr'>Spiritum</span> <span class='ocrx_word' id='word_1_256' title='bbox 1453 2250 1580 2278; x_wconf 78' lang='lat' dir='ltr'>sanc-</span> 
     </span>
     <span class='ocr_line' id='line_1_31' title="bbox 182 2305 1580 2368; baseline -0.002 -16"><span class='ocrx_word' id='word_1_257' title='bbox 182 2317 279 2352; x_wconf 84' lang='lat' dir='ltr'>tum</span> <span class='ocrx_word' id='word_1_258' title='bbox 316 2306 477 2350; x_wconf 89' lang='lat' dir='ltr'>docent</span> <span class='ocrx_word' id='word_1_259' title='bbox 497 2306 748 2352; x_wconf 83' lang='lat' dir='ltr'>veneranda</span> <span class='ocrx_word' id='word_1_260' title='bbox 771 2306 1003 2364; x_wconf 72' lang='lat' dir='ltr'>mysteria,</span> <span class='ocrx_word' id='word_1_261' title='bbox 1030 2323 1131 2368; x_wconf 77' lang='lat' dir='ltr'>quae</span> <span class='ocrx_word' id='word_1_262' title='bbox 1155 2305 1242 2350; x_wconf 85' lang='lat' dir='ltr'>fide</span> <span class='ocrx_word' id='word_1_263' title='bbox 1261 2307 1426 2350; x_wconf 83' lang='lat' dir='ltr'>sincera</span> <span class='ocrx_word' id='word_1_264' title='bbox 1454 2315 1497 2350; x_wconf 79' lang='lat' dir='ltr'>et</span> <span class='ocrx_word' id='word_1_265' title='bbox 1513 2307 1580 2349; x_wconf 86' lang='lat' dir='ltr'>in—</span> 
     </span>
     <span class='ocr_line' id='line_1_32' title="bbox 181 2378 1579 2439; baseline -0.003 -15"><span class='ocrx_word' id='word_1_266' title='bbox 181 2394 391 2424; x_wconf 88' lang='lat' dir='ltr'>concussa</span> <span class='ocrx_word' id='word_1_267' title='bbox 409 2378 599 2438; x_wconf 87' lang='lat' dir='ltr'>populus</span> <span class='ocrx_word' id='word_1_268' title='bbox 621 2378 835 2434; x_wconf 86' lang='lat' dir='ltr'>liberant,</span> <span class='ocrx_word' id='word_1_269' title='bbox 862 2393 942 2422; x_wconf 88' lang='grc'>1100</span> <span class='ocrx_word' id='word_1_270' title='bbox 960 2379 1158 2434; x_wconf 83' lang='lat' dir='ltr'>confuse,</span> <span class='ocrx_word' id='word_1_271' title='bbox 1193 2388 1241 2423; x_wconf 86' lang='lat' dir='ltr'>ut</span> <span class='ocrx_word' id='word_1_272' title='bbox 1268 2378 1448 2439; x_wconf 87' lang='lat' dir='ltr'>quidam</span> <span class='ocrx_word' id='word_1_273' title='bbox 1464 2414 1474 2434; x_wconf 88' lang='lat'>,</span> <span class='ocrx_word' id='word_1_274' title='bbox 1501 2393 1579 2421; x_wconf 81' lang='grc'>1100</span> 
     </span>
    </p>
   </div>
   <div class='ocr_carea' id='block_1_3' title="bbox 185 2488 1574 2587">
    <p class='ocr_par' dir='ltr' id='par_1_4' title="bbox 185 2488 1574 2587">
     <span class='ocr_line' id='line_1_33' title="bbox 229 2488 1574 2532; baseline -0.001 -13"><span class='ocrx_word' id='word_1_275' title='bbox 229 2495 238 2510; x_wconf 89' lang='lat'>¹</span> <span class='ocrx_word' id='word_1_276' title='bbox 258 2488 387 2519; x_wconf 60' lang='lat' dir='ltr'>Zenobii</span> <span class='ocrx_word' id='word_1_277' title='bbox 410 2498 542 2522; x_wconf 79' lang='lat' dir='ltr'>carmen</span> <span class='ocrx_word' id='word_1_278' title='bbox 559 2488 763 2523; x_wconf 74' lang='lat' dir='ltr'>subindicare</span> <span class='ocrx_word' id='word_1_279' title='bbox 788 2488 925 2530; x_wconf 76' lang='lat' dir='ltr'>videtur,</span> <span class='ocrx_word' id='word_1_280' title='bbox 951 2488 991 2521; x_wconf 81' lang='lat' dir='ltr'>de</span> <span class='ocrx_word' id='word_1_281' title='bbox 1008 2500 1070 2532; x_wconf 85' lang='lat' dir='ltr'>quo</span> <span class='ocrx_word' id='word_1_282' title='bbox 1089 2500 1182 2532; x_wconf 76' lang='lat' dir='ltr'>supra</span> <span class='ocrx_word' id='word_1_283' title='bbox 1203 2488 1258 2522; x_wconf 87' lang='lat' dir='ltr'>lib.</span> <span class='ocrx_word' id='word_1_284' title='bbox 1279 2500 1302 2530; x_wconf 88' lang='lat'>1,</span> <span class='ocrx_word' id='word_1_285' title='bbox 1317 2500 1347 2521; x_wconf 87' lang='grc'>0.</span> <span class='ocrx_word' id='word_1_286' title='bbox 1365 2500 1398 2532; x_wconf 71' lang='lat'>7,</span> <span class='ocrx_word' id='word_1_287' title='bbox 1418 2499 1449 2520; x_wconf 87' lang='lat' dir='ltr'>n.</span> <span class='ocrx_word' id='word_1_288' title='bbox 1463 2498 1516 2519; x_wconf 68' lang='lat' dir='ltr'>tio.</span> <span class='ocrx_word' id='word_1_289' title='bbox 1538 2505 1574 2509; x_wconf 91' lang='lat'>——</span> 
     </span>
     <span class='ocr_line' id='line_1_34' title="bbox 185 2548 531 2587; baseline 0.006 -11"><span class='ocrx_word' id='word_1_290' title='bbox 185 2553 198 2562; x_wconf 60' lang='lat'>⁰</span> <span class='ocrx_word' id='word_1_291' title='bbox 218 2548 362 2579; x_wconf 68' lang='lat' dir='ltr'>non-act.</span> <span class='ocrx_word' id='word_1_292' title='bbox 383 2556 432 2587; x_wconf 72' lang='grc'>111,</span> <span class='ocrx_word' id='word_1_293' title='bbox 454 2556 484 2577; x_wconf 86' lang='lat' dir='ltr'>n.</span> <span class='ocrx_word' id='word_1_294' title='bbox 500 2553 531 2578; x_wconf 69' lang='lat'>‘²</span> 
     </span>
    </p>
   </div>
  </div>
 </body>
</html>
