1888 3168
602 196 657 224 DE
688 194 844 225 MU51cA
875 197 960 225 Lm.
992 197 1041 224 11.
1435 185 1520 224 365

124 262 273 318 brevi,
306 262 412 322 quia
441 277 530 307 una
567 272 653 319 est,
679 279 782 309 cum
803 263 1026 324 superiore
1047 263 1216 308 ratione
1251 262 1522 324 principatus

123 333 366 390 tribuatur,
400 334 567 394 primus
589 334 671 379 erit
691 332 890 395 profecto
912 334 959 378 in
980 333 1047 378 his
1068 333 1146 378 ubi
1167 334 1308 394 prima
1329 343 1394 379 est
1409 370 1420 390 ,
1452 350 1520 379 se-

122 405 295 450 cundus
315 405 395 450 ubi
416 404 608 450 secunda
621 440 633 461 ,
649 407 804 451 tertius
817 405 896 450 ubi
913 405 1039 450 tertia
1059 440 1070 461 ,
1095 421 1196 466 quae
1219 405 1351 450 etiam
1367 406 1523 451 ultima

122 485 202 522 est.
227 480 289 523 M.
317 476 469 523 Cernis
485 511 496 531 ,
521 485 574 521 ut
596 477 773 537 opinor,
798 477 961 538 quibus
985 477 1119 521 etiam
1140 476 1384 521 rationibus
1407 477 1522 521 divi-

122 547 311 604 dantur,
335 556 387 591 ut
409 546 489 592 sibi
510 562 665 592 eorum
695 557 841 609 partes
870 545 1061 594 conferri
1084 556 1264 609 queant.
1291 550 1342 592 D.
1379 550 1523 593 Cerno

121 634 320 681 prorsus:
344 633 449 663 nam
469 616 561 674 ille,
580 619 658 680 qui
681 635 733 664 ex
753 636 844 665 una
862 619 986 666 brevi
1007 629 1050 665 et
1071 618 1245 664 duabus
1261 617 1403 678 longis
1417 634 1526 664 con-

120 699 206 735 stat
220 725 231 746 ,
251 688 390 735 dividi
411 705 503 735 non
523 698 693 750 potest,
719 691 802 736 nisi
830 691 890 737 ita
910 700 961 736 ut
983 690 1101 753 prior
1122 707 1220 752 pars
1251 690 1414 736 habeat
1441 690 1524 735 tria

120 771 341 822 tempora,
362 777 464 823 quae
486 761 686 807 continet
701 761 880 808 brevem
902 772 946 808 et
961 762 1140 823 longam
1162 782 1170 808 :
1189 761 1402 823 posterior
1415 760 1521 817 duo,

120 849 222 895 quae
241 834 321 878 uni
340 833 487 894 longae
520 834 688 881 insunt.
722 835 805 880 Hic
833 844 980 880 autem
1002 835 1156 880 tertius
1189 835 1236 879 in
1264 850 1316 880 eo
1342 834 1525 895 quidem

117 905 255 966 priori
277 921 357 966 par
378 914 442 951 est
457 941 469 963 ,
497 905 618 968 quod
639 922 776 952 unam
789 907 956 968 patitur
978 906 1238 952 divisionem
1264 925 1273 952 ι
1302 906 1350 950 in
1371 921 1422 950 eo
1444 921 1525 950 au-

120 987 210 1023 tem
233 976 476 1035 dissimilis,
508 977 632 1038 quod
654 994 759 1023 cum
779 978 854 1023 ille
875 979 923 1023 in
949 978 1032 1024 tria
1056 987 1099 1022 et
1121 978 1234 1034 duo,
1255 978 1335 1022 iste
1356 978 1403 1021 in
1435 976 1524 1022 duo

120 1058 166 1094 et
186 1050 268 1093 tria
290 1058 489 1109 tempora
512 1058 684 1094 secatur
700 1085 712 1106 ,
731 1052 842 1096 Nam
857 1050 991 1110 longa
1007 1049 1176 1109 syllaba
1193 1085 1203 1105 ,
1224 1065 1325 1111 quae
1338 1049 1525 1109 primam

122 1129 246 1165 tenet
266 1129 459 1181 partem,
485 1119 659 1166 duobus
685 1121 958 1182 temporibus
980 1121 1178 1166 tenditur
1203 1141 1212 1166 ε
1239 1130 1372 1165 restat
1392 1119 1526 1179 longa

119 1199 164 1236 et
185 1191 329 1236 brevis
341 1226 352 1247 ,
379 1190 504 1253 quod
525 1199 589 1236 est
608 1191 744 1236 trium
756 1201 1008 1252 temporum
1021 1192 1225 1252 spatium.
1246 1194 1305 1237 At
1320 1206 1422 1235 vero
1435 1205 1526 1234 me-

119 1262 233 1318 dius,
249 1263 470 1324 quihabet
483 1262 665 1308 brevem
680 1262 918 1322 syllabam,
934 1263 1143 1320 mediam,
1155 1263 1371 1322 geminam
1381 1270 1526 1322 potest

118 1334 403 1395 partitionem
428 1334 547 1394 pati,
571 1334 673 1394 quia
687 1333 839 1378 eadem
857 1334 1002 1378 brevis
1014 1342 1058 1377 et
1079 1334 1214 1393 priori
1231 1343 1275 1377 et
1295 1332 1526 1392 posteriori

117 1406 232 1467 parti
254 1406 391 1450 tribui
413 1414 558 1463 potest
573 1440 584 1459 ,
610 1404 773 1448 ideirco
796 1412 873 1448 aut
890 1404 937 1448 in
961 1403 1051 1449 duo
1073 1413 1118 1449 et
1145 1405 1249 1460 tria,
1275 1406 1352 1448 aut
1373 1404 1420 1448 in
1443 1404 1525 1448 tria

118 1487 163 1522 et
180 1476 270 1521 duo
299 1474 514 1520 dividitur
545 1483 743 1535 tempora
766 1491 775 1516 :
803 1475 1091 1536 quamobrem
1113 1485 1418 1537 sesquatorum
1440 1491 1526 1520 nu-

117 1561 343 1593 merorum
363 1546 474 1591 ratio
491 1555 579 1590 tres
600 1546 704 1590 istos
721 1546 1074 1607 possidetpedes.
1097 1550 1158 1592 M.
1171 1549 1418 1592 Omnes-ne
1431 1549 1524 1608 jam

119 1619 254 1664 trium
276 1618 546 1676 syllabarum
562 1616 696 1678 pedes
713 1617 1082 1662 consideravimus
1094 1653 1105 1674 ,
1124 1619 1361 1680 an‘aliquid
1375 1620 1526 1663 restat?

120 1695 174 1738 D.
198 1694 345 1737 Unum
369 1690 589 1751 reliquum
610 1688 739 1734 video
757 1724 768 1745 ,
804 1690 880 1751 qui
903 1706 954 1734 ex
990 1690 1133 1735 tribus
1164 1690 1304 1750 longis
1333 1700 1518 1736 constat.

120 1768 182 1810 M.
221 1767 374 1808 Tracta
406 1777 510 1821 ergo
535 1761 666 1806 etiam
688 1762 821 1822 hujus
843 1761 1116 1807 divisionem.
1144 1765 1197 1807 D.
1226 1765 1320 1808 Una
1353 1762 1523 1820 syllaba

121 1845 166 1882 et
186 1835 313 1892 duae,
340 1843 417 1879 aut
452 1832 554 1878 duae
583 1842 716 1894 atque
736 1849 826 1878 una
863 1834 993 1895 hujus
1020 1833 1173 1879 divisio
1195 1843 1287 1890 est,
1324 1844 1523 1895 tempora

121 1908 286 1954 scilicet
301 1906 391 1952 duo
409 1915 454 1950 et
472 1915 662 1966 quatuor
676 1940 687 1961 ,
718 1914 795 1950 aut
815 1914 1007 1966 quatuor
1028 1914 1072 1949 et
1093 1904 1183 1950 duo
1189 1942 1205 1962 ,
1237 1922 1374 1967 quare
1396 1922 1521 1952 com-

121 1980 385 2042 plicatorum
396 1992 683 2024 numerorum
698 1977 866 2024 ratione
878 1977 998 2023 istius
1013 1976 1136 2038 pedis
1153 1977 1234 2023 sibi
1251 1988 1396 2038 partes
1409 1994 1520 2024 con-

121 2050 339 2100 feruntur.
