1888 3168
669 175 723 201 υε
756 171 909 201 ,11155101
943 174 1024 200 tin.
1064 175 1123 200 νῐ.
1513 163 1596 200 515

208 239 398 284 Domino
419 254 514 295 suo,
544 239 599 284 ab
618 255 765 284 amore
790 238 1006 284 inferioris
1027 238 1367 298 pulchritudinis
1383 239 1593 294 extrahit,

208 309 435 356 debellans
459 319 592 371 atque
619 310 883 355 interficiens
920 309 1124 355 adversus
1146 325 1191 354 se
1211 308 1473 354 militantem
1489 326 1599 355 con-

207 380 485 426 suetudinem
507 396 645 435 suam,
667 396 715 426 ea
735 380 916 426 victoria
943 380 1267 440 triumphatura
1292 381 1336 424 in
1370 381 1601 441 semetipsa

208 451 264 497 de
283 452 572 513 potestatibus
593 452 702 497 ae'ris
714 453 861 514 hujus,
882 451 1043 513 quibus
1061 450 1358 495 invidentibus
1374 461 1417 496 et
1429 467 1600 512 praepe-

207 522 302 568 dire
316 523 610 583 cupientibus,
631 523 775 569 evolat
794 522 848 569 ad
862 539 984 568 suam
1001 523 1279 568 stabilitatem
1293 532 1336 567 et
1348 524 1602 568 firmamen-

207 603 304 639 tum
326 598 483 651 Deum‚
497 610 645 639 nonne
668 594 934 640 tibividetur
955 610 1004 639 ea
1028 609 1117 639 esse
1135 594 1287 650 virtus,
1314 610 1415 654 quae
1430 603 1600 655 tempe—-

207 665 345 710 rantia
359 664 545 711 dieitur?
560 669 610 711 D.
627 669 828 726 Agnosco
842 676 884 710 et
897 665 1109 724 intelligo.
1125 668 1185 710 M.
1203 664 1321 719 Quid
1333 681 1481 725 porro,
1498 682 1600 711 eum

206 735 253 781 in
273 736 358 781 hoc
379 736 534 781 itinere
560 738 750 798 proficit,
769 739 862 798 jam
883 746 1045 781 {eterna
1069 737 1226 796 gaudia
1248 737 1600 796 praesentientem

207 824 257 852 ac
274 823 386 868 pene
402 808 763 869 prehendentem,
783 825 893 853 num
917 808 1086 853 amissio
1104 823 1250 852 rerum
1274 808 1599 868 temporalium,

207 888 284 924 aut
300 895 416 924 mors
438 879 527 924 ulla
557 879 746 924 deterret
762 881 853 940 jam
878 879 1095 924 valentem
1121 878 1265 924 dicere
1287 879 1602 924 infirmioribus

205 951 328 997 sociis
356 971 365 997 ι
393 971 413 994 «
439 955 611 996 Bonum
633 961 696 996 est
720 952 826 996 mihi
850 950 1051 1007 dissolvi,
1078 960 1122 995 et
1140 966 1230 995 esse
1256 966 1356 995 cum
1386 951 1559 995 Christo
1588 971 1597 996 :

209 1041 229 1065 »
264 1039 441 1068 manere
463 1032 611 1067 autem
642 1024 687 1067 in
710 1039 864 1079 earne,
890 1022 1184 1067 necessarium
1213 1031 1395 1082 propter
1422 1037 1498 1067 vos
1515 1025 1543 1067 ¹.
1575 1041 1595 1063 »

204 1097 257 1140 Ι).
276 1095 343 1140 Sic
361 1094 573 1138 existimo.
597 1097 658 1138 M.
675 1097 732 1138 At
754 1094 835 1139 ista
857 1095 948 1154 ejus
965 1093 1155 1146 affectio,
1176 1110 1263 1154 qua
1280 1093 1424 1138 nullas
1438 1092 1598 1138 adver—

205 1165 350 1210 sitates
373 1175 615 1210 mortemve
631 1164 852 1221 formidat,
878 1165 984 1226 quid
1010 1164 1129 1210 aliud
1147 1180 1281 1226 quam
1302 1164 1517 1222 fortitudo
1531 1165 1601 1210 di-

204 1237 342 1281 cenda
377 1239 471 1282 est?
494 1241 544 1282 D.
588 1240 648 1282 Et
681 1238 765 1282 1100
811 1252 1012 1294 agnosco.
1045 1239 1105 1280 M.
1143 1239 1345 1280 Jamvero
1382 1236 1474 1295 ipsa
1505 1238 1599 1297 ejus

207 1307 449 1363 ordinatio,
487 1324 574 1368 qua
598 1307 709 1352 nulli
731 1307 862 1351 servit
894 1306 975 1350 nisi
999 1306 1076 1350 uni
1098 1309 1211 1360 Deo,
1244 1305 1356 1350 nulli
1379 1308 1602 1368 coaequari

206 1378 288 1422 nisi
315 1378 555 1437 purissimis
581 1377 750 1432 animis,
774 1376 886 1420 nulli
909 1376 1124 1420 dominari
1143 1377 1309 1436 appetit
1326 1377 1404 1420 nisi
1431 1387 1601 1422 naturae

204 1448 377 1493 bestiali
401 1457 533 1509 atque
560 1463 797 1508 corporeae,
823 1464 922 1509 quae
945 1447 1123 1491 tandem
1145 1448 1282 1493 virtus
1310 1448 1390 1492 tibi
1422 1464 1512 1494 esse
1533 1450 1602 1495 vi-

203 1519 365 1564 detur?
387 1523 439 1564 D.
461 1519 568 1573 Quis
579 1535 669 1564 non
684 1518 898 1578 intelligat
911 1519 1024 1564 hane
1039 1534 1128 1564 esse
1139 1519 1448 1579 justitiamPM.
1464 1523 1601 1567 Recte

204 1590 422 1650 intelligis.

205 1738 1600 1758 WQMWWWMMNWWSVWWVWWVWWWWUNWWWUUWWWWUVOEMWW

694 1873 912 1926 CAPUT
960 1876 1097 1926 XVI.

203 2010 282 2057 De
299 2018 510 2069 quatuor
527 2007 797 2065 virtutibus,
823 2026 890 2054 (m
914 2018 960 2054 et
981 2007 1219 2068 quomodo
1235 2010 1329 2054 Sint
1351 2010 1400 2054 in
1425 2008 1593 2056 beans.

263 2151 336 2193 LI.
372 2150 455 2194 SED
484 2147 596 2192 illud
622 2148 713 2208 jam
737 2163 911 2208 quaero,
946 2163 1047 2192 eum
1089 2148 1371 2208 prudentiam
1402 2163 1599 2209 superius

205 2235 300 2264 eam
322 2234 412 2263 esse
434 2218 678 2264 constiterit
699 2217 812 2263 inter
829 2234 924 2274 1105,
950 2235 1037 2279 qua
1059 2218 1266 2279 intelligit
1283 2219 1442 2274 anima,
1461 2219 1539 2263 ubi
1557 2221 1596 2263 ei

204 2290 531 2336 consistendum
565 2290 644 2345 511,
669 2306 758 2344 quo
787 2306 877 2335 sese
898 2289 1058 2335 attollit
1078 2306 1155 2350 per
1177 2291 1527 2350 temperantiam,
1550 2291 1595 2336 id

205 2371 286 2418 est,
309 2362 639 2407 conversionem
663 2361 878 2406 amorisin
892 2365 1032 2406 Deum
1051 2398 1061 2418 ‚
1087 2379 1186 2423 quae
1209 2361 1394 2406 charitas
1417 2362 1592 2419 dieitur,

205 2443 250 2479 et
276 2433 544 2479 aversionem
573 2433 628 2477 ab
656 2433 741 2477 hoc
774 2431 960 2488 saeeulo‚
990 2449 1125 2494 quam
1158 2432 1288 2478 etiam
1320 2431 1532 2479 fortitudo
1553 2443 1596 2478 et

256 2539 263 2555 ¹
287 2530 446 2574 Philip.1,
470 2530 522 2563 23.

1312 2584 1378 2624 33.
