1888 3168
310 190 390 230 458
748 199 781 226 s.
819 201 1049 228 AL'GL'STINI
1082 201 1263 229 Eprscom

305 268 414 312 Nam
448 273 544 325 post
576 264 774 325 quinque
805 274 848 310 et
877 274 1043 326 septem
1073 264 1310 326 semipedes
1342 266 1462 312 hune
1494 282 1585 314 esse
1613 270 1698 315 dis-

304 335 562 383 cutiendum
593 334 728 381 vides.
768 337 907 397 Hujus
937 346 1085 382 autem
1122 336 1370 397 exemplum
1403 346 1489 384 est:
1519 339 1693 398 Roma,

305 409 482 464 Roma,
511 424 655 454 cerne
685 418 874 468 quanta
895 409 955 453 sic
989 407 1130 457 (lecim
1165 406 1452 471 benegnitas.
1479 413 1532 455 D.
1557 412 1696 458 Video

304 481 496 540 primum
519 479 767 526 membrum
786 495 910 539 posse
927 479 972 524 in
989 489 1133 540 partes
1150 479 1369 537 distribui,
1389 497 1490 543 quae
1505 482 1697 530 habeant

305 560 450 597 ternos
481 550 743 611 semipedes,
766 549 1012 597 secundum
1034 551 1081 596 in
1111 560 1197 597 tres
1234 561 1278 599 et
1312 564 1518 614 quatuor.
1551 556 1696 609 Quare

298 623 462 684 junctis
484 622 726 685 aequalibus
758 623 872 668 fiunt
898 638 971 668 sex
1003 622 1265 683 semipedes,
1286 633 1371 670 tres
1391 640 1496 670 vero
1517 635 1560 671 et
1583 642 1696 687 qua-

304 704 404 740 tuor
417 704 581 756 septem
599 704 716 750 sunt,
733 703 777 739 et
796 710 887 743 non
905 704 1137 756 aequantur
1154 694 1217 740 illi
1233 711 1434 742 numero.
1455 697 1538 743 Sed
1556 698 1590 742 si
1606 697 1697 744 duo

302 776 345 815 et
367 766 457 813 duo
487 768 532 813 in
554 783 603 813 ea
625 775 748 826 parte
769 766 847 813 ubi
875 776 1066 828 quatuor
1087 775 1212 823 sunt,
1236 776 1280 815 et
1302 766 1392 813 duo
1413 777 1458 813 et
1485 785 1627 814 unum
1648 770 1694 815 in

302 853 351 883 ea
369 847 493 899 parte
510 838 588 883 ubi
606 846 692 882 tres
709 846 827 894 sunt,
843 838 1184 894 consideremus,
1196 839 1360 900 junctis
1377 839 1574 900 partibus
1596 857 1697 901 quae

303 909 429 955 binos
462 909 651 965 habent,
670 909 721 953 fit
741 924 910 954 summa
934 910 1237 971 quaternaria:
1259 911 1425 971 junctis
1447 920 1596 956 autem
1613 911 1697 956 illis

299 996 486 1042 quarum
508 980 554 1027 in
570 996 659 1025 una
677 978 766 1026 duo
785 990 902 1037 sunt,
923 982 970 1026 in
992 980 1074 1028 alia
1090 997 1247 1038 unum,
1272 982 1307 1026 si
1329 983 1461 1027 etiam
1490 982 1572 1027 ista
1597 991 1697 1027 tan-

299 1069 434 1114 quam
464 1053 551 1098 sint
583 1061 774 1114 quatuor
807 1053 1092 1115 accipiamus,
1116 1064 1296 1116 propter
1327 1054 1458 1100 unius
1485 1070 1588 1100 cum
1608 1070 1696 1100 cae-

299 1125 400 1170 teris
432 1125 624 1171 numeris
657 1125 958 1182 concordiam,
1001 1135 1101 1172 octo
1132 1126 1263 1172 simul
1296 1127 1432 1183 fiunt,
1467 1127 1697 1188 magisque

299 1196 516 1243 excedunt
531 1212 747 1243 summam
770 1199 1000 1255 senariam,
1026 1215 1161 1260 quam
1183 1214 1287 1245 cum
1308 1208 1474 1260 septem
1495 1197 1692 1244 fuissent.

356 1270 525 1314 XVIII.
548 1272 609 1316 M.
632 1272 698 1315 Ita
720 1278 799 1325 est,
825 1278 876 1314 ut
892 1269 998 1315 dicis
1017 1289 1025 1316 :
1049 1279 1092 1316 et
1108 1269 1208 1315 ideo
1227 1269 1310 1315 isto
1334 1285 1491 1330 genere
1514 1269 1697 1330 copula-

299 1340 431 1385 tionis
453 1356 477 1385 a
498 1340 596 1401 lege
616 1357 822 1386 versuum
844 1351 1059 1402 separato,
1085 1340 1262 1386 attende
1284 1351 1335 1387 ut
1356 1340 1465 1387 ordo
1481 1340 1692 1403 postulat,

296 1411 343 1456 in
361 1427 410 1457 ea
432 1428 551 1457 nunc
573 1413 786 1469 membra,
807 1428 999 1473 quorum
1019 1413 1212 1472 primum
1233 1413 1368 1457 habet
1385 1422 1483 1457 octo
1505 1412 1694 1472 semipe-

298 1482 389 1537 des,
400 1492 567 1543 septem
578 1482 836 1528 secundum.
852 1487 938 1528 Ista
950 1498 1054 1528 vero
1066 1483 1288 1543 copulatio
1300 1483 1435 1528 habet
1447 1483 1568 1544 quod
1576 1499 1696 1544 quee-

297 1554 448 1600 rimus.
478 1557 589 1601 Nam
617 1554 903 1615 praecedentis
931 1555 1119 1600 membri
1151 1565 1322 1615 partem
1344 1553 1571 1600 dimidiam
1592 1570 1694 1599 cum

296 1635 421 1686 parte
452 1625 758 1686 subsequentis
795 1627 985 1687 majore,
1005 1642 1106 1687 quae
1144 1624 1338 1670 dimidiae
1369 1625 1567 1686 proxima
1605 1635 1690 1682 est,

290 1699 499 1759 jungens,
517 1698 726 1760 quoniam
748 1698 951 1759 quaterni
973 1697 1213 1758 semIpedes
1235 1706 1353 1753 sunt,
1379 1697 1591 1743 octonarii
1609 1714 1694 1742 nu-

295 1770 404 1814 meri
427 1785 644 1814 summam
667 1768 793 1814 facio.
812 1772 995 1814 Restant
1024 1785 1128 1829 ergo
1156 1778 1346 1830 quatuor
1375 1767 1616 1829 semipedes
1639 1769 1694 1814 de

297 1842 453 1901 priore,
479 1850 562 1885 tres
586 1841 640 1885 de
656 1842 895 1901 posteriore
918 1841 1135 1885 membro.
1157 1843 1254 1885 Duo
1277 1839 1402 1895 inde,
1419 1850 1462 1885 et
1484 1839 1574 1885 duo
1591 1840 1694 1884 hinc

296 1912 505 1973 copulati,
531 1913 644 1957 fiunt
668 1921 873 1973 quatuor.
901 1915 997 1956 Duo
1020 1926 1168 1955 rursus
1192 1909 1294 1954 inde
1316 1910 1491 1966 residui,
1513 1919 1555 1955 et
1578 1927 1693 1955 unus

293 1984 413 2039 hine,
440 1983 494 2028 ad
527 1983 670 2043 legem
706 1983 821 2028 illius
848 1983 1166 2028 convenientiae
1198 1980 1408 2042 copulati,
1434 1998 1520 2043 qua
1552 1998 1693 2027 unum

296 2055 475 2116 reliquis
496 2071 575 2116 par
605 2063 690 2110 est,
711 2053 905 2115 quodam
937 2053 1071 2099 modo
1102 2062 1337 2098 sumuntur
1368 2068 1448 2113 pro
1481 2063 1686 2115 quatuor.

296 2130 362 2172 Ita
379 2129 469 2188 jam
502 2126 752 2172 octonarius
787 2125 1000 2187 superiori
1034 2126 1260 2171 octonario
1282 2125 1499 2184 congruit.
1525 2128 1578 2169 D.
1607 2124 1693 2170 Sed

295 2214 372 2243 cur
398 2199 531 2259 hujus
561 2197 813 2258 exemplum
839 2213 930 2242 non
958 2197 1121 2242 audio?
1142 2200 1202 2241 M.
1229 2196 1339 2250 Quia
1361 2211 1474 2256 saepe
1496 2212 1690 2241 comme-

294 2278 513 2314 moratum
535 2278 614 2323 est,
636 2278 784 2314 tamen
803 2284 857 2313 ne
879 2284 957 2313 suo
979 2267 1076 2313 loeo
1098 2267 1437 2328 praetermissum
1459 2276 1600 2327 putes,
1621 2267 1688 2328 ip-

295 2357 391 2386 sum
410 2351 497 2386 est:
518 2341 699 2397 Roma,
723 2340 897 2397 Roma,
915 2356 1055 2385 cerne
1070 2349 1255 2400 quanta
1276 2341 1337 2383 sit
1359 2338 1501 2384 delim-
1519 2338 1683 2403 benig-

295 2414 453 2467 nz'ta.5;
474 2412 543 2457 vel
571 2413 654 2458 hoc
683 2412 838 2457 etiam:
872 2411 1094 2472 Optimus
1129 2410 1295 2455 heatus
1320 2409 1397 2455 ille
1420 2411 1504 2470 qui
1518 2409 1692 2471 procul

295 2485 503 2545 negotio.

350 2557 470 2599 XIX.
498 2557 641 2608 Quare
660 2555 746 2613 jam
777 2555 937 2614 inspice
960 2569 1118 2599 novem
1153 2563 1195 2598 et
1223 2563 1386 2613 septem
1413 2552 1681 2613 semipedum
