<?xml version="1.0" encoding="UTF-8"?>
<!DOCTYPE html PUBLIC "-//W3C//DTD XHTML 1.0 Transitional//EN"
    "http://www.w3.org/TR/xhtml1/DTD/xhtml1-transitional.dtd">
<html xmlns="http://www.w3.org/1999/xhtml" xml:lang="en" lang="en">
 <head>
  <title>
</title>
<meta http-equiv="Content-Type" content="text/html;charset=utf-8" />
  <meta name='ocr-system' content='tesseract 3.04.00' />
  <meta name='ocr-capabilities' content='ocr_page ocr_carea ocr_par ocr_line ocrx_word'/>
</head>
<body>
  <div class='ocr_page' id='page_1' title='image "./operaomniaaccura01auguuoft_0273.png"; bbox 0 0 1888 3168; ppageno 0'>
   <div class='ocr_carea' id='block_1_1' title="bbox 468 181 1526 230">
    <p class='ocr_par' dir='ltr' id='par_1_1' title="bbox 468 181 1526 230">
     <span class='ocr_line' id='line_1_1' title="bbox 468 181 1526 230; baseline -0.002 -9"><span class='ocrx_word' id='word_1_1' title='bbox 468 195 592 221; x_wconf 76' lang='lat' dir='ltr'>LIBER</span> <span class='ocrx_word' id='word_1_2' title='bbox 623 194 678 221; x_wconf 83' lang='lat' dir='ltr'>DE</span> <span class='ocrx_word' id='word_1_3' title='bbox 710 191 985 230; x_wconf 76' lang='lat' dir='ltr'><strong>QUANTITATE</strong></span> <span class='ocrx_word' id='word_1_4' title='bbox 1019 194 1183 220; x_wconf 57' lang='grc'><strong>11111111.</strong></span> <span class='ocrx_word' id='word_1_5' title='bbox 1442 181 1526 219; x_wconf 77' lang='lat'>263</span> 
     </span>
    </p>
   </div>
   <div class='ocr_carea' id='block_1_2' title="bbox 129 257 1529 390">
    <p class='ocr_par' dir='ltr' id='par_1_2' title="bbox 129 257 1529 390">
     <span class='ocr_line' id='line_1_2' title="bbox 129 257 1529 320; baseline -0.001 -17"><span class='ocrx_word' id='word_1_6' title='bbox 129 260 177 304; x_wconf 89' lang='lat' dir='ltr'>in</span> <span class='ocrx_word' id='word_1_7' title='bbox 194 260 275 304; x_wconf 84' lang='lat' dir='ltr'>ista</span> <span class='ocrx_word' id='word_1_8' title='bbox 295 259 462 304; x_wconf 91' lang='lat' dir='ltr'>ratione</span> <span class='ocrx_word' id='word_1_9' title='bbox 482 295 492 315; x_wconf 80' lang='grc'>,</span> <span class='ocrx_word' id='word_1_10' title='bbox 521 257 642 320; x_wconf 86' lang='lat' dir='ltr'>quod</span> <span class='ocrx_word' id='word_1_11' title='bbox 659 257 837 303; x_wconf 89' lang='lat' dir='ltr'>omnino</span> <span class='ocrx_word' id='word_1_12' title='bbox 862 273 953 301; x_wconf 93' lang='lat' dir='ltr'>non</span> <span class='ocrx_word' id='word_1_13' title='bbox 975 267 1109 318; x_wconf 82' lang='lat' dir='ltr'>queat</span> <span class='ocrx_word' id='word_1_14' title='bbox 1130 257 1267 303; x_wconf 89' lang='lat' dir='ltr'>dividi</span> <span class='ocrx_word' id='word_1_15' title='bbox 1286 278 1296 315; x_wconf 80' lang='lat'>3</span> <span class='ocrx_word' id='word_1_16' title='bbox 1315 257 1398 302; x_wconf 86' lang='lat' dir='ltr'>erit</span> <span class='ocrx_word' id='word_1_17' title='bbox 1413 257 1529 302; x_wconf 90' lang='lat' dir='ltr'>enim</span> 
     </span>
     <span class='ocr_line' id='line_1_3' title="bbox 129 326 1527 390; baseline -0.001 -15"><span class='ocrx_word' id='word_1_18' title='bbox 129 331 215 375; x_wconf 88' lang='lat' dir='ltr'>hoc</span> <span class='ocrx_word' id='word_1_19' title='bbox 235 330 378 375; x_wconf 84' lang='lat' dir='ltr'>multo</span> <span class='ocrx_word' id='word_1_20' title='bbox 395 330 525 374; x_wconf 86' lang='lat' dir='ltr'>etiam</span> <span class='ocrx_word' id='word_1_21' title='bbox 546 345 680 390; x_wconf 88' lang='lat' dir='ltr'>quam</span> <span class='ocrx_word' id='word_1_22' title='bbox 700 328 775 373; x_wconf 86' lang='lat' dir='ltr'>illa</span> <span class='ocrx_word' id='word_1_23' title='bbox 790 327 906 372; x_wconf 88' lang='lat' dir='ltr'>linea</span> <span class='ocrx_word' id='word_1_24' title='bbox 918 326 1074 373; x_wconf 90' lang='lat' dir='ltr'>melius</span> <span class='ocrx_word' id='word_1_25' title='bbox 1096 347 1105 374; x_wconf 91' lang='lat'>:</span> <span class='ocrx_word' id='word_1_26' title='bbox 1132 344 1236 373; x_wconf 88' lang='lat' dir='ltr'>nam</span> <span class='ocrx_word' id='word_1_27' title='bbox 1251 328 1416 375; x_wconf 86' lang='lat' dir='ltr'>lineam</span> <span class='ocrx_word' id='word_1_28' title='bbox 1429 345 1527 375; x_wconf 48' lang='lat' dir='ltr'>cera</span> 
     </span>
    </p>
   </div>
   <div class='ocr_carea' id='block_1_3' title="bbox 1174 403 1292 415">
    <p class='ocr_par' dir='ltr' id='par_1_3' title="bbox 1174 403 1292 415">
     <span class='ocr_line' id='line_1_4' title="bbox 1174 403 1292 415; baseline -0.008 -2"><span class='ocrx_word' id='word_1_29' title='bbox 1174 403 1292 415; x_wconf 50' lang='lat' dir='ltr'>...q-..-</span> 
     </span>
    </p>
   </div>
   <div class='ocr_carea' id='block_1_4' title="bbox 131 415 1530 524">
    <p class='ocr_par' dir='ltr' id='par_1_4' title="bbox 131 415 1530 524">
     <span class='ocr_line' id='line_1_5' title="bbox 131 415 1530 524; baseline -0.002 -43"><span class='ocrx_word' id='word_1_30' title='bbox 131 435 198 481; x_wconf 91' lang='lat' dir='ltr'>nis</span> <span class='ocrx_word' id='word_1_31' title='bbox 219 451 271 480; x_wconf 87' lang='lat' dir='ltr'>ex</span> <span class='ocrx_word' id='word_1_32' title='bbox 282 434 453 480; x_wconf 80' lang='lat' dir='ltr'>diverso</span> <span class='ocrx_word' id='word_1_33' title='bbox 470 432 849 479; x_wconf 80' lang='lat' dir='ltr'>innumerabiliter</span> <span class='ocrx_word' id='word_1_34' title='bbox 864 434 999 478; x_wconf 80' lang='lat' dir='ltr'>secari</span> <span class='ocrx_word' id='word_1_35' title='bbox 1017 449 1142 494; x_wconf 87' lang='lat' dir='ltr'>posse</span> <span class='ocrx_word' id='word_1_36' title='bbox 1175 415 1294 524; x_wconf 55' lang='lat' dir='ltr'>ss</span> <span class='ocrx_word' id='word_1_37' title='bbox 1319 471 1331 492; x_wconf 77' lang='lat'>,</span> <span class='ocrx_word' id='word_1_38' title='bbox 1381 434 1530 495; x_wconf 85' lang='lat' dir='ltr'>itaque</span> 
     </span>
    </p>
   </div>
   <div class='ocr_carea' id='block_1_5' title="bbox 127 550 1531 685">
    <p class='ocr_par' dir='ltr' id='par_1_5' title="bbox 127 550 1531 685">
     <span class='ocr_line' id='line_1_6' title="bbox 129 550 1531 613; baseline -0.001 -17"><span class='ocrx_word' id='word_1_39' title='bbox 129 552 211 597; x_wconf 89' lang='grc'><strong>11111</strong></span> <span class='ocrx_word' id='word_1_40' title='bbox 230 552 312 612; x_wconf 86' lang='grc'><strong>11151</strong></span> <span class='ocrx_word' id='word_1_41' title='bbox 333 552 418 596; x_wconf 83' lang='grc'><strong>1106</strong></span> <span class='ocrx_word' id='word_1_42' title='bbox 445 551 760 597; x_wconf 83' lang='lat' dir='ltr'>inveniendum</span> <span class='ocrx_word' id='word_1_43' title='bbox 785 551 973 595; x_wconf 83' lang='lat' dir='ltr'>dimitto.</span> <span class='ocrx_word' id='word_1_44' title='bbox 994 552 1048 594; x_wconf 88' lang='lat' dir='ltr'>E.</span> <span class='ocrx_word' id='word_1_45' title='bbox 1074 553 1168 609; x_wconf 78' lang='lat' dir='ltr'>Ego</span> <span class='ocrx_word' id='word_1_46' title='bbox 1187 550 1300 596; x_wconf 91' lang='lat' dir='ltr'>illud</span> <span class='ocrx_word' id='word_1_47' title='bbox 1315 560 1425 613; x_wconf 83' lang='lat' dir='ltr'>puto</span> <span class='ocrx_word' id='word_1_48' title='bbox 1439 566 1531 596; x_wconf 91' lang='lat' dir='ltr'>non</span> 
     </span>
     <span class='ocr_line' id='line_1_7' title="bbox 127 622 1529 685; baseline -0.001 -16"><span class='ocrx_word' id='word_1_49' title='bbox 127 639 254 685; x_wconf 86' lang='lat' dir='ltr'>posse</span> <span class='ocrx_word' id='word_1_50' title='bbox 276 622 435 680; x_wconf 75' lang='lat' dir='ltr'>dividi,</span> <span class='ocrx_word' id='word_1_51' title='bbox 460 622 583 684; x_wconf 91' lang='lat' dir='ltr'>quod</span> <span class='ocrx_word' id='word_1_52' title='bbox 602 622 798 667; x_wconf 90' lang='lat' dir='ltr'>medium</span> <span class='ocrx_word' id='word_1_53' title='bbox 817 622 863 666; x_wconf 88' lang='lat' dir='ltr'>in</span> <span class='ocrx_word' id='word_1_54' title='bbox 880 622 1021 682; x_wconf 82' lang='lat' dir='ltr'>figura</span> <span class='ocrx_word' id='word_1_55' title='bbox 1042 623 1332 683; x_wconf 80' lang='lat' dir='ltr'>ponebamus,</span> <span class='ocrx_word' id='word_1_56' title='bbox 1351 622 1471 669; x_wconf 90' lang='lat' dir='ltr'>unde</span> <span class='ocrx_word' id='word_1_57' title='bbox 1483 623 1529 667; x_wconf 89' lang='grc'>111</span> 
     </span>
    </p>
   </div>
   <div class='ocr_carea' id='block_1_6' title="bbox 127 711 1528 774">
    <p class='ocr_par' dir='ltr' id='par_1_6' title="bbox 127 711 1528 774">
     <span class='ocr_line' id='line_1_8' title="bbox 127 711 1528 774; baseline 0 -16"><span class='ocrx_word' id='word_1_58' title='bbox 127 723 319 759; x_wconf 78' lang='lat' dir='ltr'>extrema</span> <span class='ocrx_word' id='word_1_59' title='bbox 340 712 466 759; x_wconf 79' lang='lat' dir='ltr'>lineae</span> <span class='ocrx_word' id='word_1_60' title='bbox 484 712 709 759; x_wconf 87' lang='lat' dir='ltr'>ducuntur</span> <span class='ocrx_word' id='word_1_61' title='bbox 875 749 883 760; x_wconf 86' lang='lat'><em>.</em></span> <span class='ocrx_word' id='word_1_62' title='bbox 906 715 1018 758; x_wconf 87' lang='lat' dir='ltr'>Nam</span> <span class='ocrx_word' id='word_1_63' title='bbox 1032 712 1066 757; x_wconf 86' lang='lat' dir='ltr'>si</span> <span class='ocrx_word' id='word_1_64' title='bbox 1084 711 1312 770; x_wconf 80' lang='lat' dir='ltr'>dividitur,</span> <span class='ocrx_word' id='word_1_65' title='bbox 1330 713 1528 774; x_wconf 83' lang='lat' dir='ltr'>longitu-</span> 
     </span>
    </p>
   </div>
   <div class='ocr_carea' id='block_1_7' title="bbox 119 802 1532 2641">
    <p class='ocr_par' dir='ltr' id='par_1_7' title="bbox 119 802 1532 2641">
     <span class='ocr_line' id='line_1_9' title="bbox 127 802 1530 864; baseline 0 -15"><span class='ocrx_word' id='word_1_66' title='bbox 127 803 232 849; x_wconf 85' lang='lat' dir='ltr'>dine</span> <span class='ocrx_word' id='word_1_67' title='bbox 253 813 332 848; x_wconf 88' lang='lat' dir='ltr'>aut</span> <span class='ocrx_word' id='word_1_68' title='bbox 352 804 486 848; x_wconf 87' lang='lat' dir='ltr'>etiam</span> <span class='ocrx_word' id='word_1_69' title='bbox 506 804 741 849; x_wconf 84' lang='lat' dir='ltr'>latitudine</span> <span class='ocrx_word' id='word_1_70' title='bbox 763 819 909 849; x_wconf 84' lang='lat' dir='ltr'>carere</span> <span class='ocrx_word' id='word_1_71' title='bbox 930 818 1020 848; x_wconf 88' lang='lat' dir='ltr'>non</span> <span class='ocrx_word' id='word_1_72' title='bbox 1041 812 1199 864; x_wconf 88' lang='lat' dir='ltr'>potest.</span> <span class='ocrx_word' id='word_1_73' title='bbox 1229 803 1315 850; x_wconf 91' lang='lat' dir='ltr'>Sed</span> <span class='ocrx_word' id='word_1_74' title='bbox 1335 802 1530 863; x_wconf 81' lang='lat' dir='ltr'>longitu-</span> 
     </span>
     <span class='ocr_line' id='line_1_10' title="bbox 127 874 1532 938; baseline 0 -16"><span class='ocrx_word' id='word_1_75' title='bbox 127 875 277 922; x_wconf 87' lang='lat' dir='ltr'>dinem</span> <span class='ocrx_word' id='word_1_76' title='bbox 294 875 432 921; x_wconf 86' lang='lat' dir='ltr'>solam</span> <span class='ocrx_word' id='word_1_77' title='bbox 446 876 599 933; x_wconf 84' lang='lat' dir='ltr'>habet,</span> <span class='ocrx_word' id='word_1_78' title='bbox 611 892 701 922; x_wconf 90' lang='lat' dir='ltr'>non</span> <span class='ocrx_word' id='word_1_79' title='bbox 708 877 801 938; x_wconf 84' lang='lat' dir='ltr'>jam</span> <span class='ocrx_word' id='word_1_80' title='bbox 813 874 932 921; x_wconf 91' lang='lat' dir='ltr'>unde</span> <span class='ocrx_word' id='word_1_81' title='bbox 946 874 1172 920; x_wconf 86' lang='lat' dir='ltr'>ducuntur</span> <span class='ocrx_word' id='word_1_82' title='bbox 1182 874 1324 921; x_wconf 81' lang='lat' dir='ltr'>lineae.</span> <span class='ocrx_word' id='word_1_83' title='bbox 1340 875 1426 922; x_wconf 90' lang='lat' dir='ltr'>Sed</span> <span class='ocrx_word' id='word_1_84' title='bbox 1438 876 1532 937; x_wconf 83' lang='lat' dir='ltr'>ipsa</span> 
     </span>
     <span class='ocr_line' id='line_1_11' title="bbox 126 945 1532 1005; baseline 0.001 -13"><span class='ocrx_word' id='word_1_85' title='bbox 126 947 243 993; x_wconf 84' lang='lat' dir='ltr'>linea</span> <span class='ocrx_word' id='word_1_86' title='bbox 259 956 337 993; x_wconf 88' lang='grc'><strong>651.</strong></span> <span class='ocrx_word' id='word_1_87' title='bbox 361 948 405 994; x_wconf 91' lang='lat' dir='ltr'>Si</span> <span class='ocrx_word' id='word_1_88' title='bbox 417 963 520 993; x_wconf 88' lang='lat' dir='ltr'>vero</span> <span class='ocrx_word' id='word_1_89' title='bbox 539 948 670 993; x_wconf 88' lang='lat' dir='ltr'>etiam</span> <span class='ocrx_word' id='word_1_90' title='bbox 691 947 833 994; x_wconf 82' lang='lat' dir='ltr'>latum</span> <span class='ocrx_word' id='word_1_91' title='bbox 849 956 930 1005; x_wconf 83' lang='lat' dir='ltr'>est,</span> <span class='ocrx_word' id='word_1_92' title='bbox 951 945 1073 993; x_wconf 83' lang='lat' dir='ltr'>aliud</span> <span class='ocrx_word' id='word_1_93' title='bbox 1093 946 1311 994; x_wconf 76' lang='lat' dir='ltr'>desiderat</span> <span class='ocrx_word' id='word_1_94' title='bbox 1332 946 1532 996; x_wconf 88' lang='lat' dir='ltr'>medium</span> 
     </span>
     <span class='ocr_line' id='line_1_12' title="bbox 126 1018 1532 1082; baseline -0.001 -17"><span class='ocrx_word' id='word_1_95' title='bbox 126 1035 150 1065; x_wconf 84' lang='lat' dir='ltr'>a</span> <span class='ocrx_word' id='word_1_96' title='bbox 161 1035 250 1081; x_wconf 91' lang='lat' dir='ltr'>quo</span> <span class='ocrx_word' id='word_1_97' title='bbox 264 1020 311 1064; x_wconf 91' lang='lat' dir='ltr'>in</span> <span class='ocrx_word' id='word_1_98' title='bbox 323 1027 516 1064; x_wconf 76' lang='lat' dir='ltr'>extrama</span> <span class='ocrx_word' id='word_1_99' title='bbox 528 1018 771 1065; x_wconf 86' lang='lat' dir='ltr'>latitudinis</span> <span class='ocrx_word' id='word_1_100' title='bbox 787 1019 916 1065; x_wconf 84' lang='lat' dir='ltr'>lineae</span> <span class='ocrx_word' id='word_1_101' title='bbox 935 1019 1170 1065; x_wconf 82' lang='lat' dir='ltr'>ducantur.</span> <span class='ocrx_word' id='word_1_102' title='bbox 1193 1022 1442 1082; x_wconf 87' lang='lat' dir='ltr'>Utrumque</span> <span class='ocrx_word' id='word_1_103' title='bbox 1456 1036 1532 1065; x_wconf 89' lang='lat' dir='ltr'>au-</span> 
     </span>
     <span class='ocr_line' id='line_1_13' title="bbox 125 1091 1527 1154; baseline 0.001 -19"><span class='ocrx_word' id='word_1_104' title='bbox 125 1100 216 1136; x_wconf 86' lang='lat' dir='ltr'>tem</span> <span class='ocrx_word' id='word_1_105' title='bbox 231 1092 290 1136; x_wconf 90' lang='lat' dir='ltr'>ho</span> <span class='ocrx_word' id='word_1_106' title='bbox 301 1091 411 1137; x_wconf 84' lang='lat' dir='ltr'>ratio</span> <span class='ocrx_word' id='word_1_107' title='bbox 425 1092 608 1153; x_wconf 86' lang='lat' dir='ltr'>respuit.</span> <span class='ocrx_word' id='word_1_108' title='bbox 631 1094 684 1137; x_wconf 92' lang='lat' dir='ltr'>Id</span> <span class='ocrx_word' id='word_1_109' title='bbox 697 1093 779 1137; x_wconf 86' lang='lat' dir='ltr'>erit</span> <span class='ocrx_word' id='word_1_110' title='bbox 797 1093 928 1151; x_wconf 83' lang='lat' dir='ltr'>igitur</span> <span class='ocrx_word' id='word_1_111' title='bbox 946 1091 1068 1154; x_wconf 90' lang='lat' dir='ltr'>quod</span> <span class='ocrx_word' id='word_1_112' title='bbox 1089 1091 1227 1138; x_wconf 90' lang='lat' dir='ltr'>dividi</span> <span class='ocrx_word' id='word_1_113' title='bbox 1242 1102 1452 1154; x_wconf 81' lang='lat' dir='ltr'>nequeat.</span> <span class='ocrx_word' id='word_1_114' title='bbox 1472 1096 1527 1138; x_wconf 82' lang='lat' dir='ltr'>A.</span> 
     </span>
     <span class='ocr_line' id='line_1_14' title="bbox 126 1163 1530 1228; baseline -0.001 -18"><span class='ocrx_word' id='word_1_115' title='bbox 126 1167 262 1211; x_wconf 85' lang='lat' dir='ltr'>Recte</span> <span class='ocrx_word' id='word_1_116' title='bbox 276 1165 398 1212; x_wconf 84' lang='lat' dir='ltr'>dicis.</span> <span class='ocrx_word' id='word_1_117' title='bbox 421 1166 510 1214; x_wconf 88' lang='lat' dir='ltr'>Sed</span> <span class='ocrx_word' id='word_1_118' title='bbox 525 1183 674 1213; x_wconf 90' lang='lat' dir='ltr'>nonne</span> <span class='ocrx_word' id='word_1_119' title='bbox 696 1167 778 1212; x_wconf 88' lang='grc'><strong>11111</strong></span> <span class='ocrx_word' id='word_1_120' title='bbox 792 1166 962 1228; x_wconf 90' lang='lat' dir='ltr'>aliquid</span> <span class='ocrx_word' id='word_1_121' title='bbox 979 1166 1065 1212; x_wconf 84' lang='lat' dir='ltr'>tale</span> <span class='ocrx_word' id='word_1_122' title='bbox 1081 1166 1256 1213; x_wconf 81' lang='lat' dir='ltr'>videtur</span> <span class='ocrx_word' id='word_1_123' title='bbox 1269 1166 1402 1211; x_wconf 87' lang='lat' dir='ltr'>etiam</span> <span class='ocrx_word' id='word_1_124' title='bbox 1417 1163 1530 1209; x_wconf 87' lang='lat' dir='ltr'>illud</span> 
     </span>
     <span class='ocr_line' id='line_1_15' title="bbox 123 1236 1530 1301; baseline -0.001 -19"><span class='ocrx_word' id='word_1_125' title='bbox 123 1237 244 1283; x_wconf 89' lang='lat' dir='ltr'>unde</span> <span class='ocrx_word' id='word_1_126' title='bbox 255 1236 371 1283; x_wconf 86' lang='lat' dir='ltr'>linea</span> <span class='ocrx_word' id='word_1_127' title='bbox 385 1237 578 1295; x_wconf 82' lang='lat' dir='ltr'>ducitur,</span> <span class='ocrx_word' id='word_1_128' title='bbox 590 1239 665 1284; x_wconf 83' lang='lat' dir='ltr'>etsi</span> <span class='ocrx_word' id='word_1_129' title='bbox 680 1240 820 1299; x_wconf 78' lang='lat' dir='ltr'>figura</span> <span class='ocrx_word' id='word_1_130' title='bbox 834 1237 1035 1285; x_wconf 88' lang='lat' dir='ltr'>nondum</span> <span class='ocrx_word' id='word_1_131' title='bbox 1046 1239 1099 1284; x_wconf 88' lang='lat' dir='ltr'>sit</span> <span class='ocrx_word' id='word_1_132' title='bbox 1113 1240 1182 1301; x_wconf 89' lang='lat' dir='ltr'>cuj</span> <span class='ocrx_word' id='word_1_133' title='bbox 1189 1254 1238 1284; x_wconf 89' lang='lat' dir='ltr'>us</span> <span class='ocrx_word' id='word_1_134' title='bbox 1250 1237 1447 1283; x_wconf 87' lang='lat' dir='ltr'>medium</span> <span class='ocrx_word' id='word_1_135' title='bbox 1459 1237 1530 1281; x_wconf 93' lang='lat' dir='ltr'>in-</span> 
     </span>
     <span class='ocr_line' id='line_1_16' title="bbox 123 1308 1532 1372; baseline -0.001 -18"><span class='ocrx_word' id='word_1_136' title='bbox 123 1308 409 1370; x_wconf 76' lang='lat' dir='ltr'>telligamur?</span> <span class='ocrx_word' id='word_1_137' title='bbox 427 1309 546 1356; x_wconf 88' lang='lat' dir='ltr'>Illud</span> <span class='ocrx_word' id='word_1_138' title='bbox 561 1312 678 1356; x_wconf 90' lang='lat' dir='ltr'>enim</span> <span class='ocrx_word' id='word_1_139' title='bbox 693 1311 792 1357; x_wconf 93' lang='lat' dir='ltr'>dico</span> <span class='ocrx_word' id='word_1_140' title='bbox 808 1311 936 1356; x_wconf 85' lang='lat' dir='ltr'>lineae</span> <span class='ocrx_word' id='word_1_141' title='bbox 951 1311 1217 1372; x_wconf 87' lang='lat' dir='ltr'>principium</span> <span class='ocrx_word' id='word_1_142' title='bbox 1235 1327 1259 1354; x_wconf 90' lang='lat' dir='ltr'>a</span> <span class='ocrx_word' id='word_1_143' title='bbox 1276 1325 1365 1370; x_wconf 89' lang='lat' dir='ltr'>quo</span> <span class='ocrx_word' id='word_1_144' title='bbox 1378 1308 1532 1369; x_wconf 86' lang='lat' dir='ltr'>incipit</span> 
     </span>
     <span class='ocr_line' id='line_1_17' title="bbox 119 1380 1528 1442; baseline -0.001 -17"><span class='ocrx_word' id='word_1_145' title='bbox 119 1380 356 1440; x_wconf 86' lang='lat' dir='ltr'>longitudo</span> <span class='ocrx_word' id='word_1_146' title='bbox 370 1418 381 1437; x_wconf 85' lang='lat'>,</span> <span class='ocrx_word' id='word_1_147' title='bbox 402 1382 525 1442; x_wconf 90' lang='lat' dir='ltr'>quod</span> <span class='ocrx_word' id='word_1_148' title='bbox 537 1383 639 1428; x_wconf 88' lang='lat' dir='ltr'>volo</span> <span class='ocrx_word' id='word_1_149' title='bbox 657 1384 748 1428; x_wconf 89' lang='lat' dir='ltr'>sine</span> <span class='ocrx_word' id='word_1_150' title='bbox 762 1383 854 1427; x_wconf 84' lang='lat' dir='ltr'>ulla</span> <span class='ocrx_word' id='word_1_151' title='bbox 867 1382 1145 1440; x_wconf 79' lang='lat' dir='ltr'>longitudine</span> <span class='ocrx_word' id='word_1_152' title='bbox 1164 1380 1396 1440; x_wconf 80' lang='lat' dir='ltr'>intelligas.</span> <span class='ocrx_word' id='word_1_153' title='bbox 1416 1382 1528 1425; x_wconf 89' lang='lat' dir='ltr'>Nam</span> 
     </span>
     <span class='ocr_line' id='line_1_18' title="bbox 119 1450 1526 1514; baseline -0.001 -18"><span class='ocrx_word' id='word_1_154' title='bbox 119 1451 156 1496; x_wconf 88' lang='lat' dir='ltr'>si</span> <span class='ocrx_word' id='word_1_155' title='bbox 176 1450 498 1510; x_wconf 81' lang='lat' dir='ltr'>longitudinem</span> <span class='ocrx_word' id='word_1_156' title='bbox 518 1451 726 1511; x_wconf 81' lang='lat' dir='ltr'>intelligis</span> <span class='ocrx_word' id='word_1_157' title='bbox 743 1488 754 1507; x_wconf 57' lang='lat'>7</span> <span class='ocrx_word' id='word_1_158' title='bbox 779 1468 1062 1514; x_wconf 84' lang='lat' dir='ltr'>nequaquam</span> <span class='ocrx_word' id='word_1_159' title='bbox 1089 1450 1289 1513; x_wconf 88' lang='lat' dir='ltr'>profecto</span> <span class='ocrx_word' id='word_1_160' title='bbox 1304 1450 1526 1511; x_wconf 81' lang='lat' dir='ltr'>intelligis,</span> 
     </span>
     <span class='ocr_line' id='line_1_19' title="bbox 119 1521 1529 1584; baseline 0 -17"><span class='ocrx_word' id='word_1_161' title='bbox 119 1521 241 1568; x_wconf 90' lang='lat' dir='ltr'>unde</span> <span class='ocrx_word' id='word_1_162' title='bbox 265 1523 356 1584; x_wconf 85' lang='lat' dir='ltr'>ipsa</span> <span class='ocrx_word' id='word_1_163' title='bbox 372 1523 526 1584; x_wconf 85' lang='lat' dir='ltr'>incipit</span> <span class='ocrx_word' id='word_1_164' title='bbox 547 1522 797 1583; x_wconf 80' lang='lat' dir='ltr'>longitudo.</span> <span class='ocrx_word' id='word_1_165' title='bbox 822 1526 876 1569; x_wconf 92' lang='lat' dir='ltr'>E.</span> <span class='ocrx_word' id='word_1_166' title='bbox 901 1523 1004 1568; x_wconf 84' lang='lat' dir='ltr'>Tale</span> <span class='ocrx_word' id='word_1_167' title='bbox 1025 1523 1222 1568; x_wconf 90' lang='lat' dir='ltr'>omnino.</span> <span class='ocrx_word' id='word_1_168' title='bbox 1241 1526 1294 1569; x_wconf 82' lang='lat' dir='ltr'>A.</span> <span class='ocrx_word' id='word_1_169' title='bbox 1314 1525 1409 1569; x_wconf 91' lang='lat' dir='ltr'>Hoc</span> <span class='ocrx_word' id='word_1_170' title='bbox 1425 1538 1529 1582; x_wconf 80' lang='lat' dir='ltr'>ergo</span> 
     </span>
     <span class='ocr_line' id='line_1_20' title="bbox 120 1594 1526 1656; baseline -0.001 -17"><span class='ocrx_word' id='word_1_171' title='bbox 120 1594 243 1656; x_wconf 88' lang='lat' dir='ltr'>quod</span> <span class='ocrx_word' id='word_1_172' title='bbox 257 1596 349 1655; x_wconf 87' lang='lat' dir='ltr'>jam</span> <span class='ocrx_word' id='word_1_173' title='bbox 370 1604 414 1640; x_wconf 89' lang='grc'>16</span> <span class='ocrx_word' id='word_1_174' title='bbox 444 1594 685 1654; x_wconf 82' lang='lat' dir='ltr'>intelligere</span> <span class='ocrx_word' id='word_1_175' title='bbox 719 1595 873 1651; x_wconf 78' lang='lat' dir='ltr'>video,</span> <span class='ocrx_word' id='word_1_176' title='bbox 907 1595 1266 1655; x_wconf 86' lang='lat' dir='ltr'>potentissimum</span> <span class='ocrx_word' id='word_1_177' title='bbox 1297 1594 1496 1637; x_wconf 86' lang='lat' dir='ltr'>omnium</span> <span class='ocrx_word' id='word_1_178' title='bbox 1514 1629 1526 1650; x_wconf 89' lang='lat'>,</span> 
     </span>
     <span class='ocr_line' id='line_1_21' title="bbox 120 1663 1527 1727; baseline 0 -17"><span class='ocrx_word' id='word_1_179' title='bbox 120 1682 220 1727; x_wconf 80' lang='lat' dir='ltr'>quae</span> <span class='ocrx_word' id='word_1_180' title='bbox 238 1666 535 1710; x_wconf 82' lang='lat' dir='ltr'>demonstrata</span> <span class='ocrx_word' id='word_1_181' title='bbox 557 1676 675 1708; x_wconf 86' lang='grc'><strong>511111.</strong></span> <span class='ocrx_word' id='word_1_182' title='bbox 720 1666 947 1725; x_wconf 73' lang='lat' dir='ltr'>Siquidem</span> <span class='ocrx_word' id='word_1_183' title='bbox 980 1667 1067 1708; x_wconf 93' lang='lat' dir='ltr'>hoc</span> <span class='ocrx_word' id='word_1_184' title='bbox 1088 1673 1153 1708; x_wconf 88' lang='grc'>651</span> <span class='ocrx_word' id='word_1_185' title='bbox 1168 1700 1179 1720; x_wconf 75' lang='grc'>,</span> <span class='ocrx_word' id='word_1_186' title='bbox 1212 1664 1336 1725; x_wconf 90' lang='lat' dir='ltr'>quod</span> <span class='ocrx_word' id='word_1_187' title='bbox 1357 1663 1527 1710; x_wconf 84' lang='lat' dir='ltr'>nullam</span> 
     </span>
     <span class='ocr_line' id='line_1_22' title="bbox 121 1735 1526 1795; baseline -0.001 -14"><span class='ocrx_word' id='word_1_188' title='bbox 121 1736 378 1781; x_wconf 81' lang='lat' dir='ltr'>divisionem</span> <span class='ocrx_word' id='word_1_189' title='bbox 396 1736 611 1795; x_wconf 71' lang='lat' dir='ltr'>patiatur,</span> <span class='ocrx_word' id='word_1_190' title='bbox 638 1745 681 1779; x_wconf 88' lang='lat' dir='ltr'>et</span> <span class='ocrx_word' id='word_1_191' title='bbox 702 1744 919 1795; x_wconf 83' lang='lat' dir='ltr'>punctum</span> <span class='ocrx_word' id='word_1_192' title='bbox 956 1744 1160 1791; x_wconf 77' lang='lat' dir='ltr'>vocatur⁷</span> <span class='ocrx_word' id='word_1_193' title='bbox 1203 1751 1306 1780; x_wconf 88' lang='lat' dir='ltr'>cum</span> <span class='ocrx_word' id='word_1_194' title='bbox 1328 1735 1526 1780; x_wconf 86' lang='lat' dir='ltr'>medium</span> 
     </span>
     <span class='ocr_line' id='line_1_23' title="bbox 119 1805 1522 1866; baseline -0.001 -13"><span class='ocrx_word' id='word_1_195' title='bbox 119 1817 242 1854; x_wconf 86' lang='lat' dir='ltr'>tenet</span> <span class='ocrx_word' id='word_1_196' title='bbox 267 1807 422 1866; x_wconf 82' lang='lat' dir='ltr'>figurae</span> <span class='ocrx_word' id='word_1_197' title='bbox 445 1826 454 1851; x_wconf 76' lang='lat'>2</span> <span class='ocrx_word' id='word_1_198' title='bbox 479 1807 513 1851; x_wconf 85' lang='lat' dir='ltr'>si</span> <span class='ocrx_word' id='word_1_199' title='bbox 546 1815 694 1850; x_wconf 85' lang='lat' dir='ltr'>autem</span> <span class='ocrx_word' id='word_1_200' title='bbox 724 1806 990 1866; x_wconf 86' lang='lat' dir='ltr'>principium</span> <span class='ocrx_word' id='word_1_201' title='bbox 1024 1805 1152 1851; x_wconf 74' lang='lat' dir='ltr'>lineae</span> <span class='ocrx_word' id='word_1_202' title='bbox 1185 1816 1250 1851; x_wconf 87' lang='lat' dir='ltr'>est</span> <span class='ocrx_word' id='word_1_203' title='bbox 1280 1806 1352 1852; x_wconf 84' lang='lat' dir='ltr'>vel</span> <span class='ocrx_word' id='word_1_204' title='bbox 1373 1805 1522 1864; x_wconf 76' lang='lat' dir='ltr'>lineis,</span> 
     </span>
     <span class='ocr_line' id='line_1_24' title="bbox 121 1876 1525 1940; baseline 0 -17"><span class='ocrx_word' id='word_1_205' title='bbox 121 1889 197 1924; x_wconf 88' lang='lat' dir='ltr'>aut</span> <span class='ocrx_word' id='word_1_206' title='bbox 219 1878 349 1923; x_wconf 81' lang='lat' dir='ltr'>etiam</span> <span class='ocrx_word' id='word_1_207' title='bbox 374 1877 494 1933; x_wconf 87' lang='lat' dir='ltr'>finis,</span> <span class='ocrx_word' id='word_1_208' title='bbox 531 1876 603 1922; x_wconf 87' lang='lat' dir='ltr'>vel</span> <span class='ocrx_word' id='word_1_209' title='bbox 627 1892 730 1922; x_wconf 90' lang='lat' dir='ltr'>cum</span> <span class='ocrx_word' id='word_1_210' title='bbox 749 1878 935 1927; x_wconf 87' lang='lat' dir='ltr'>omnino</span> <span class='ocrx_word' id='word_1_211' title='bbox 955 1877 1123 1939; x_wconf 89' lang='lat' dir='ltr'>aliquid</span> <span class='ocrx_word' id='word_1_212' title='bbox 1140 1888 1264 1924; x_wconf 84' lang='lat' dir='ltr'>notat</span> <span class='ocrx_word' id='word_1_213' title='bbox 1281 1878 1403 1940; x_wconf 89' lang='lat' dir='ltr'>quod</span> <span class='ocrx_word' id='word_1_214' title='bbox 1432 1879 1525 1924; x_wconf 88' lang='lat' dir='ltr'>sine</span> 
     </span>
     <span class='ocr_line' id='line_1_25' title="bbox 119 1949 1525 2013; baseline 0.001 -18"><span class='ocrx_word' id='word_1_215' title='bbox 119 1951 318 2013; x_wconf 87' lang='lat' dir='ltr'>partibus</span> <span class='ocrx_word' id='word_1_216' title='bbox 355 1949 694 2010; x_wconf 80' lang='lat' dir='ltr'>intelligendum</span> <span class='ocrx_word' id='word_1_217' title='bbox 718 1951 792 2006; x_wconf 79' lang='lat' dir='ltr'>sit,</span> <span class='ocrx_word' id='word_1_218' title='bbox 830 1966 911 1996; x_wconf 92' lang='lat' dir='ltr'>nec</span> <span class='ocrx_word' id='word_1_219' title='bbox 946 1960 1096 1996; x_wconf 88' lang='lat' dir='ltr'>tamen</span> <span class='ocrx_word' id='word_1_220' title='bbox 1140 1951 1338 1997; x_wconf 86' lang='lat' dir='ltr'>obtineat</span> <span class='ocrx_word' id='word_1_221' title='bbox 1374 1952 1525 2011; x_wconf 80' lang='lat' dir='ltr'>figurae</span> 
     </span>
     <span class='ocr_line' id='line_1_26' title="bbox 120 2020 1524 2084; baseline 0.001 -17"><span class='ocrx_word' id='word_1_222' title='bbox 120 2022 316 2068; x_wconf 86' lang='lat' dir='ltr'>medium</span> <span class='ocrx_word' id='word_1_223' title='bbox 331 2058 343 2077; x_wconf 79' lang='grc'>,</span> <span class='ocrx_word' id='word_1_224' title='bbox 369 2022 544 2082; x_wconf 79' lang='lat' dir='ltr'>signum</span> <span class='ocrx_word' id='word_1_225' title='bbox 562 2020 737 2066; x_wconf 81' lang='lat' dir='ltr'>dicitur.</span> <span class='ocrx_word' id='word_1_226' title='bbox 758 2024 836 2067; x_wconf 86' lang='lat' dir='ltr'>Est</span> <span class='ocrx_word' id='word_1_227' title='bbox 858 2037 960 2081; x_wconf 82' lang='grc'><strong>6130</strong></span> <span class='ocrx_word' id='word_1_228' title='bbox 989 2023 1164 2082; x_wconf 85' lang='grc'><strong>5131111111</strong></span> <span class='ocrx_word' id='word_1_229' title='bbox 1186 2032 1291 2068; x_wconf 83' lang='grc'><strong>110111</strong></span> <span class='ocrx_word' id='word_1_230' title='bbox 1309 2023 1401 2068; x_wconf 86' lang='grc'><strong>51116</strong></span> <span class='ocrx_word' id='word_1_231' title='bbox 1422 2040 1524 2084; x_wconf 86' lang='lat' dir='ltr'>par-</span> 
     </span>
     <span class='ocr_line' id='line_1_27' title="bbox 119 2093 1519 2155; baseline 0 -15"><span class='ocrx_word' id='word_1_232' title='bbox 119 2095 253 2150; x_wconf 81' lang='lat' dir='ltr'>tibus.</span> <span class='ocrx_word' id='word_1_233' title='bbox 277 2097 356 2140; x_wconf 90' lang='lat' dir='ltr'>Est</span> <span class='ocrx_word' id='word_1_234' title='bbox 373 2104 520 2139; x_wconf 90' lang='lat' dir='ltr'>autem</span> <span class='ocrx_word' id='word_1_235' title='bbox 553 2103 794 2154; x_wconf 80' lang='lat' dir='ltr'>punctum,</span> <span class='ocrx_word' id='word_1_236' title='bbox 819 2103 923 2138; x_wconf 87' lang='lat' dir='ltr'>nota</span> <span class='ocrx_word' id='word_1_237' title='bbox 955 2093 1153 2139; x_wconf 88' lang='lat' dir='ltr'>medium</span> <span class='ocrx_word' id='word_1_238' title='bbox 1174 2096 1328 2155; x_wconf 78' lang='lat' dir='ltr'>figurae</span> <span class='ocrx_word' id='word_1_239' title='bbox 1350 2105 1519 2141; x_wconf 88' lang='lat' dir='ltr'>tenens.</span> 
     </span>
     <span class='ocr_line' id='line_1_28' title="bbox 120 2166 1522 2227; baseline 0.001 -16"><span class='ocrx_word' id='word_1_240' title='bbox 120 2170 185 2211; x_wconf 86' lang='lat' dir='ltr'>Ita</span> <span class='ocrx_word' id='word_1_241' title='bbox 213 2168 265 2212; x_wconf 88' lang='lat' dir='ltr'>fit</span> <span class='ocrx_word' id='word_1_242' title='bbox 286 2176 337 2211; x_wconf 85' lang='lat' dir='ltr'>ut</span> <span class='ocrx_word' id='word_1_243' title='bbox 358 2182 488 2211; x_wconf 90' lang='lat' dir='ltr'>omne</span> <span class='ocrx_word' id='word_1_244' title='bbox 509 2175 727 2227; x_wconf 87' lang='lat' dir='ltr'>punctum</span> <span class='ocrx_word' id='word_1_245' title='bbox 760 2166 891 2210; x_wconf 87' lang='lat' dir='ltr'>etiam</span> <span class='ocrx_word' id='word_1_246' title='bbox 913 2167 1089 2226; x_wconf 86' lang='grc'><strong>5131111111</strong></span> <span class='ocrx_word' id='word_1_247' title='bbox 1124 2167 1204 2223; x_wconf 72' lang='lat' dir='ltr'>sit,</span> <span class='ocrx_word' id='word_1_248' title='bbox 1245 2183 1336 2212; x_wconf 91' lang='lat' dir='ltr'>non</span> <span class='ocrx_word' id='word_1_249' title='bbox 1374 2177 1522 2212; x_wconf 86' lang='lat' dir='ltr'>autem</span> 
     </span>
     <span class='ocr_line' id='line_1_29' title="bbox 120 2238 1522 2299; baseline 0.001 -16"><span class='ocrx_word' id='word_1_250' title='bbox 120 2254 250 2284; x_wconf 90' lang='lat' dir='ltr'>omne</span> <span class='ocrx_word' id='word_1_251' title='bbox 272 2239 444 2297; x_wconf 81' lang='lat' dir='ltr'>signum</span> <span class='ocrx_word' id='word_1_252' title='bbox 468 2248 686 2299; x_wconf 88' lang='lat' dir='ltr'>punctum</span> <span class='ocrx_word' id='word_1_253' title='bbox 701 2238 919 2283; x_wconf 82' lang='lat' dir='ltr'>videatur.</span> <span class='ocrx_word' id='word_1_254' title='bbox 942 2238 1053 2284; x_wconf 92' lang='lat' dir='ltr'>Volo</span> <span class='ocrx_word' id='word_1_255' title='bbox 1077 2240 1194 2283; x_wconf 84' lang='lat' dir='ltr'>enim</span> <span class='ocrx_word' id='word_1_256' title='bbox 1212 2238 1267 2284; x_wconf 91' lang='lat' dir='ltr'>de</span> <span class='ocrx_word' id='word_1_257' title='bbox 1284 2239 1352 2284; x_wconf 85' lang='lat' dir='ltr'>his</span> <span class='ocrx_word' id='word_1_258' title='bbox 1374 2241 1522 2284; x_wconf 90' lang='lat' dir='ltr'>nomi-</span> 
     </span>
     <span class='ocr_line' id='line_1_30' title="bbox 120 2310 1522 2372; baseline 0.001 -18"><span class='ocrx_word' id='word_1_259' title='bbox 120 2310 252 2354; x_wconf 85' lang='lat' dir='ltr'>nibus</span> <span class='ocrx_word' id='word_1_260' title='bbox 272 2310 386 2354; x_wconf 86' lang='lat' dir='ltr'>inter</span> <span class='ocrx_word' id='word_1_261' title='bbox 399 2326 478 2355; x_wconf 90' lang='lat' dir='ltr'>nos</span> <span class='ocrx_word' id='word_1_262' title='bbox 491 2310 742 2366; x_wconf 82' lang='lat' dir='ltr'>convenire,</span> <span class='ocrx_word' id='word_1_263' title='bbox 764 2320 815 2355; x_wconf 86' lang='lat' dir='ltr'>ut</span> <span class='ocrx_word' id='word_1_264' title='bbox 830 2310 973 2355; x_wconf 88' lang='lat' dir='ltr'>minus</span> <span class='ocrx_word' id='word_1_265' title='bbox 986 2310 1033 2354; x_wconf 91' lang='lat' dir='ltr'>in</span> <span class='ocrx_word' id='word_1_266' title='bbox 1051 2310 1317 2372; x_wconf 83' lang='lat' dir='ltr'>disputando</span> <span class='ocrx_word' id='word_1_267' title='bbox 1331 2311 1522 2357; x_wconf 88' lang='lat' dir='ltr'>circum-</span> 
     </span>
     <span class='ocr_line' id='line_1_31' title="bbox 120 2381 1524 2443; baseline 0.001 -16"><span class='ocrx_word' id='word_1_268' title='bbox 120 2381 356 2443; x_wconf 78' lang='lat' dir='ltr'>loquamur</span> <span class='ocrx_word' id='word_1_269' title='bbox 380 2401 389 2426; x_wconf 85' lang='lat'>:</span> <span class='ocrx_word' id='word_1_270' title='bbox 415 2398 670 2443; x_wconf 81' lang='lat' dir='ltr'>quanquam</span> <span class='ocrx_word' id='word_1_271' title='bbox 695 2381 894 2442; x_wconf 84' lang='lat' dir='ltr'>plerique</span> <span class='ocrx_word' id='word_1_272' title='bbox 915 2392 1134 2443; x_wconf 83' lang='lat' dir='ltr'>punctum</span> <span class='ocrx_word' id='word_1_273' title='bbox 1158 2382 1381 2443; x_wconf 86' lang='lat' dir='ltr'>appellent</span> <span class='ocrx_word' id='word_1_274' title='bbox 1397 2420 1408 2439; x_wconf 78' lang='lat'>,</span> <span class='ocrx_word' id='word_1_275' title='bbox 1433 2399 1524 2428; x_wconf 90' lang='lat' dir='ltr'>non</span> 
     </span>
     <span class='ocr_line' id='line_1_32' title="bbox 121 2452 1523 2516; baseline 0.001 -19"><span class='ocrx_word' id='word_1_276' title='bbox 121 2452 242 2514; x_wconf 89' lang='lat' dir='ltr'>quod</span> <span class='ocrx_word' id='word_1_277' title='bbox 266 2453 405 2497; x_wconf 86' lang='lat' dir='ltr'>omnis</span> <span class='ocrx_word' id='word_1_278' title='bbox 428 2453 580 2513; x_wconf 81' lang='lat' dir='ltr'>figurae</span> <span class='ocrx_word' id='word_1_279' title='bbox 603 2454 822 2510; x_wconf 80' lang='lat' dir='ltr'>medium,</span> <span class='ocrx_word' id='word_1_280' title='bbox 870 2454 946 2499; x_wconf 89' lang='lat' dir='ltr'>sed</span> <span class='ocrx_word' id='word_1_281' title='bbox 967 2455 1089 2516; x_wconf 87' lang='lat' dir='ltr'>quod</span> <span class='ocrx_word' id='word_1_282' title='bbox 1111 2455 1246 2500; x_wconf 86' lang='lat' dir='ltr'>solius</span> <span class='ocrx_word' id='word_1_283' title='bbox 1279 2454 1433 2500; x_wconf 86' lang='lat' dir='ltr'>circuli</span> <span class='ocrx_word' id='word_1_284' title='bbox 1452 2454 1523 2499; x_wconf 76' lang='lat' dir='ltr'>vel</span> 
     </span>
     <span class='ocr_line' id='line_1_33' title="bbox 119 2523 1520 2584; baseline 0.002 -17"><span class='ocrx_word' id='word_1_285' title='bbox 119 2523 221 2584; x_wconf 79' lang='lat' dir='ltr'>pilae</span> <span class='ocrx_word' id='word_1_286' title='bbox 238 2532 381 2582; x_wconf 76' lang='lat' dir='ltr'>tenet3</span> <span class='ocrx_word' id='word_1_287' title='bbox 404 2525 577 2570; x_wconf 86' lang='lat' dir='ltr'>tametsi</span> <span class='ocrx_word' id='word_1_288' title='bbox 597 2525 742 2570; x_wconf 82' lang='lat' dir='ltr'>minus</span> <span class='ocrx_word' id='word_1_289' title='bbox 757 2525 883 2571; x_wconf 86' lang='lat' dir='ltr'>nobis</span> <span class='ocrx_word' id='word_1_290' title='bbox 906 2526 961 2570; x_wconf 89' lang='lat' dir='ltr'>de</span> <span class='ocrx_word' id='word_1_291' title='bbox 984 2526 1208 2573; x_wconf 72' lang='lat' dir='ltr'>vocabulis</span> <span class='ocrx_word' id='word_1_292' title='bbox 1226 2525 1520 2572; x_wconf 83' lang='lat' dir='ltr'>laborandum</span> 
     </span>
     <span class='ocr_line' id='line_1_34' title="bbox 123 2595 539 2641; baseline 0.002 -4"><span class='ocrx_word' id='word_1_293' title='bbox 123 2604 200 2639; x_wconf 79' lang='lat' dir='ltr'>est.</span> <span class='ocrx_word' id='word_1_294' title='bbox 227 2597 280 2639; x_wconf 85' lang='lat' dir='ltr'>E.</span> <span class='ocrx_word' id='word_1_295' title='bbox 305 2595 539 2641; x_wconf 78' lang='lat' dir='ltr'>Assentior.</span> 
     </span>
    </p>
   </div>
  </div>
 </body>
</html>
