1883 3194
298 196 354 236 62
728 206 762 232 s.
799 201 1029 235 Atous‘rlm
1062 205 1244 234 zpzscom

297 280 463 334 quanto
476 270 619 316 minus
633 268 705 315 ille
723 270 985 328 Carneades,
1013 270 1059 316 in
1076 285 1210 334 quem
1230 270 1376 316 nescio
1387 278 1539 316 utrum
1554 271 1683 332 juve-

296 343 374 389 nili
391 359 447 387 an
464 342 621 404 puerili
639 341 814 389 levitate
833 353 1100 400 commotus,
1130 342 1361 389 maledicta
1383 343 1530 404 potius
1551 354 1685 405 quam

296 414 477 475 aliquod
491 413 627 458 telum
645 415 806 474 putasti
828 430 918 460 esse
933 413 1201 475 jaciendum.
1221 416 1331 461 Nam
1348 414 1413 460 illi
1429 414 1610 476 quidem
1629 413 1686 459 ad

297 484 590 530 roborandam
611 484 871 530 sententiam
894 500 1033 542 suam,
1058 500 1159 547 quae
1178 499 1350 546 semper
1372 494 1500 530 tenus
1520 484 1687 546 proba-

295 556 373 601 bili
396 555 577 601 fundata
598 555 699 612 fuit,
716 556 801 601 hoc
817 555 991 601 interim
1007 556 1236 602 adversum
1251 565 1294 602 te
1307 555 1433 602 facile
1445 555 1685 612 suffecerit,

294 629 353 674 ita
376 644 454 674 nos
468 645 491 673 a
514 628 605 673 veri
622 628 874 673 inventione
889 628 1044 689 procul
1059 644 1148 674 esse
1164 628 1342 689 positos,
1362 638 1413 674 ut
1425 637 1476 674 tu
1496 629 1577 674 tibi
1595 629 1688 689 ipse

293 715 454 759 magno
476 708 733 758 argumento
755 714 846 745 esse
866 700 1018 761 possis,
1042 700 1121 761 qui
1141 699 1203 746 ita
1227 716 1316 746 una
1344 700 1687 759 interrogatiun-

293 770 392 816 cula
421 770 519 816 loco
550 779 695 815 motus
737 786 806 827 es,
843 779 893 816 ut
919 771 999 816 ubi
1029 770 1110 816 tihi
1136 771 1343 816 standum
1373 780 1484 817 esset
1514 771 1689 832 penitus

293 844 527 903 ignorares.
552 841 637 888 Sed
653 843 764 899 haec,
784 852 916 905 atque
941 842 1168 889 scientiam
1188 852 1328 901 tuam,
1348 858 1483 905 quam
1503 843 1585 888 tibi
1601 843 1688 888 im-

293 929 482 975 pressam
510 913 564 959 de
586 914 668 959 hac
696 914 852 959 arbore
872 913 1006 976 paulo
1035 923 1137 959 ante
1153 913 1377 960 confessus
1399 928 1444 960 es
1461 949 1472 971 ‚
1500 913 1548 959 in
1569 911 1691 959 aliud

293 995 466 1046 tempus
494 983 764 1031 differamus.
795 986 1004 1040 Quamvis
1025 986 1142 1031 enim
1161 988 1254 1048 jam
1276 985 1381 1031 alias
1398 993 1544 1047 partes
1565 983 1690 1030 dele-

295 1058 420 1117 geris,
448 1066 597 1102 tamen
612 1056 765 1104 sedulo
787 1056 1015 1104 docendus
1036 1073 1080 1104 es
1097 1058 1207 1120 quid
1222 1057 1354 1119 paulo
1371 1066 1473 1103 ante
1488 1055 1688 1102 dixerim.

293 1128 502 1174 Nondum
517 1129 653 1185 enim,
677 1137 727 1174 ut
744 1130 916 1190 opinor,
932 1130 980 1174 in
991 1144 1088 1175 eam
1104 1130 1409 1192 quaestionem,
1433 1144 1522 1190 qua
1538 1136 1692 1174 utrum

294 1199 481 1244 inveniri
501 1215 657 1245 verum
678 1201 815 1261 possit
839 1200 1070 1262 quaeritur,
1092 1200 1307 1262 progressi
1331 1199 1558 1246 fueramus
1582 1216 1592 1245 ι
1613 1196 1693 1244 sed

294 1269 408 1315 illud
429 1279 602 1315 tantum
629 1270 677 1315 in
705 1270 800 1332 ipso
829 1270 1048 1316 vestibulo
1076 1269 1341 1317 defensionis
1361 1285 1472 1316 meae
1491 1267 1694 1331 praescri-

295 1342 494 1388 bendum
519 1342 702 1403 putavi,
736 1343 783 1388 in
810 1357 900 1405 quo
932 1351 976 1388 te
1004 1342 1167 1388 lassum
1198 1351 1555 1404 prostratumque
1574 1356 1696 1403 pros-

294 1430 514 1476 pexeram,
538 1415 624 1461 hoe
641 1423 721 1472 est,
737 1424 890 1460 utrum
906 1414 1152 1474 verisimile,
1175 1430 1231 1460 an
1244 1412 1493 1476 probabile,
1509 1428 1566 1458 an
1587 1410 1691 1470 alio,

295 1486 331 1532 si
352 1502 441 1548 quo
463 1486 642 1532 nomine
663 1485 875 1548 appellari
896 1495 1067 1548 potest,
1095 1484 1218 1548 quod
1246 1485 1330 1531 sibi
1350 1483 1602 1531 Academici
1627 1491 1695 1530 sat

296 1573 388 1604 esse
409 1558 575 1615 dicant,
600 1556 892 1620 quaerendum
912 1574 1003 1604 non
1019 1573 1126 1604 esse.
1142 1561 1254 1605 Nam
1275 1556 1310 1603 si
1327 1566 1378 1603 tu
1395 1556 1588 1618 optimus
1601 1557 1693 1618 jam

296 1629 500 1675 inventor
524 1629 720 1675 veritatis
745 1628 829 1675 tibi
855 1629 1038 1686 videris,
1064 1629 1178 1674 nihil
1199 1629 1255 1675 ad
1275 1644 1363 1674 me.
1388 1631 1544 1674 Postea
1565 1623 1601 1673 si
1620 1629 1694 1673 in-

297 1709 445 1760 gratus
466 1716 559 1747 11011
579 1700 714 1747 fueris
734 1700 839 1747 huic
859 1700 1102 1762 patrocinio
1119 1715 1237 1759 meo,
1261 1699 1416 1746 eadem
1427 1699 1611 1747 fortasse
1622 1710 1695 1746 me

296 1771 489 1819 docebis.

296 1912 1083 1938 mmmmmmwmwuwwum-

810 2049 1031 2104 CAPUT
1068 2053 1213 2103 XIII.

407 2202 492 2248 An
512 2197 804 2248 Academici
816 2197 1166 2247 dissimularint
1185 2213 1238 2248 se
1256 2199 1381 2247 seire
1399 2209 1583 2247 verum.

357 2347 524 2398 XXIX.
559 2354 639 2399 ch
659 2367 764 2414 ego,
789 2368 893 2399 cum
919 2353 1168 2399 verecunde
1198 2351 1418 2398 Licentius
1440 2350 1590 2414 Mypii
1611 2350 1695 2397 ime

299 2432 451 2485 petum
473 2424 752 2471 formidaret:
776 2424 934 2470 Omnia
953 2425 1098 2486 potius
1113 2460 1124 2482 ‚
1152 2424 1358 2486 inquam,
1384 2422 1542 2484 Alypi‚
1571 2422 1695 2485 loqui

300 2496 514 2553 maluisti,
539 2512 671 2557 quam
702 2495 1076 2558 quemadmodum
1098 2495 1225 2542 nobis
1254 2511 1356 2542 cum
1375 2495 1444 2553 iis,
1467 2493 1549 2556 qui
1569 2492 1694 2556 loqui

301 2567 516 2625 nesciant,
543 2567 859 2629 disputandum
879 2568 949 2616 sit.
978 2570 1037 2618 Et
1058 2566 1134 2616 ille
1160 2584 1172 2617 ι
1205 2567 1425 2623 Quoniam
1453 2565 1559 2615 olim
1596 2573 1691 2612 tum
