1888 3168
646 211 700 237 DE
733 208 888 237 Musici&
922 210 1004 236 Lm.
1041 211 1083 235 v.
1479 196 1560 237 457

169 274 301 335 pedes
334 275 633 320 convenirent.
667 279 767 321 Nou
797 275 914 319 enim
950 284 1122 318 tantum
1158 290 1319 319 nomen
1352 285 1416 319 est
1449 275 1564 319 illius

169 362 333 403 versus,
355 357 571 408 quantum
592 347 775 392 istorum
795 368 803 393 ;
830 356 873 391 et
897 347 1017 392 vides
1038 346 1084 390 in
1106 347 1181 391 illo
1198 363 1288 391 non
1310 346 1442 392 modo
1465 356 1565 391 tan-

170 428 258 463 tam
273 434 490 463 summam
510 418 733 463 inventam
750 418 917 464 collatis
929 434 1020 462 uno
1031 427 1074 462 et
1088 418 1244 473 tribus,
1263 428 1430 479 quanta
1443 420 1566 463 estin

170 490 343 535 duobus
372 500 416 535 et
442 489 643 549 duobus,
668 490 744 536 sed
767 491 898 535 etiam
919 489 1061 534 multo
1093 489 1400 534 concordiores
1422 499 1566 550 partes

169 578 281 618 esse,
306 578 407 607 cum
430 563 680 623 junguntur
707 579 849 607 unum
882 571 925 607 et
946 562 1044 618 tria,
1070 570 1250 621 propter
1283 560 1404 605 illam
1438 562 1567 606 unius

169 650 273 679 cum
294 634 460 679 eaeteris
483 635 689 680 omnibus
710 635 903 680 numeris
927 634 1184 689 amicitiam,
1202 648 1335 694 quam
1357 649 1458 678 cum
1479 634 1575 687 duo

169 715 213 750 et
242 715 433 767 quatuor
461 706 749 767 copulantur,
776 708 888 752 sicut
917 708 964 752 in
984 706 1075 751 istis
1105 714 1196 751 est:
1224 721 1279 749 an
1300 704 1380 749 tibi
1402 703 1569 767 aliquid

168 777 405 824 obscurum
426 781 520 824 est?
542 783 594 825 D.
614 779 732 826 Nihil
753 795 944 840 prorsus.
975 776 1060 825 Sed
1081 777 1226 822 nescio
1249 775 1474 838 quomodo
1498 792 1568 821 me

169 850 379 906 offendit,
405 851 527 912 quod
564 851 634 896 isti
655 851 812 896 senarii
834 866 936 896 cum
967 849 1054 894 sint
1076 848 1382 894 celebratiores
1403 847 1570 893 caeteris

170 922 426 982 generibus,
447 932 491 967 et
518 923 817 984 principatum
848 920 1087 984 quemdam
1114 921 1161 965 in
1193 919 1390 964 versibus
1409 919 1571 964 habere

169 993 389 1050 dicantur,
409 993 576 1056 aliquid
592 995 640 1039 in
656 995 955 1039 membrorum
974 991 1207 1038 concordia
1223 991 1369 1036 minus
1383 991 1566 1047 habent,

169 1081 304 1126 quam
326 1066 390 1111 iJli
412 1066 543 1112 famae
565 1068 826 1113 obscurioris
858 1082 1022 1112 versus.
1048 1068 1109 1111 M.
1136 1068 1258 1110 Bono
1282 1064 1428 1109 animo
1451 1072 1568 1109 esto:

170 1152 274 1182 nam
295 1153 378 1197 ego
397 1137 477 1182 tibi
495 1147 663 1183 tantam
686 1139 732 1183 in
755 1138 839 1184 illis
857 1138 1085 1184 ostendam
1109 1136 1405 1192 concordiam,
1430 1152 1572 1197 quan-

170 1218 261 1253 tam
293 1209 373 1254 soli
404 1225 456 1254 ex
487 1211 692 1255 omnibus
726 1211 888 1256 habere
921 1220 1191 1265 meruerunt,
1217 1217 1268 1253 ut
1295 1207 1444 1253 videas
1481 1224 1572 1253 non

170 1279 331 1341 injuria
353 1296 424 1325 eos
445 1297 536 1326 esse
553 1282 773 1341 praelatos.
795 1281 880 1328 Sed
897 1282 1000 1343 quia
1014 1282 1107 1342 ipsa
1120 1281 1325 1325 tractatio
1346 1280 1572 1342 aliquanto

168 1359 232 1395 cst
244 1350 440 1412 longior,
467 1354 667 1414 quamvis
685 1354 865 1398 omnino
881 1352 1133 1414 jocundior,
1159 1362 1320 1397 restare
1342 1351 1469 1396 nobis
1491 1351 1571 1395 de-

168 1421 245 1465 bet
266 1431 473 1479 extrema,
499 1433 551 1467 ut
572 1439 673 1469 cum
696 1423 751 1468 de
773 1424 962 1480 caeteris,
989 1433 1207 1485 quantum
1230 1423 1330 1468 satis
1352 1421 1574 1467 videbitur

168 1493 552 1554 disputaverimus,
579 1496 672 1555 jam
702 1495 824 1539 omni
854 1511 957 1540 cura
977 1496 1164 1550 liberati,
1191 1495 1247 1540 ad
1268 1496 1427 1540 horum
1451 1511 1574 1539 scru-

166 1565 300 1611 tanda
320 1566 562 1626 penetralia
586 1566 827 1611 veniamus.
855 1570 906 1611 D.
928 1568 1037 1612 Mihi
1072 1583 1177 1612 vero
1199 1567 1366 1627 placet,
1393 1567 1469 1611 sed
1484 1569 1572 1628 jam

167 1635 327 1683 vellem
344 1646 395 1682 ut
411 1638 491 1682 ista
516 1654 616 1698 quae
638 1638 783 1697 priora
801 1639 1086 1698 suscepimus,
1108 1638 1322 1698 explicata
1345 1648 1503 1693 essent,
1523 1648 1573 1682 ut

161 1710 253 1771 jam
274 1708 388 1753 illud
410 1709 610 1754 audirem
634 1708 923 1754 commodius.
949 1713 1010 1754 M.
1037 1713 1227 1754 Istorum
1247 1710 1573 1770 comparatione

168 1797 269 1841 quae
292 1790 393 1826 ante
416 1781 720 1836 disseruimus,
746 1781 861 1826 fiunt
883 1781 956 1826 illa
980 1780 1177 1826 dulciora
1200 1798 1300 1843 quae
1324 1791 1538 1842 expectas.

172 1920 205 1938 Ἃ
213 1919 278 1936 Um
282 1918 495 1935 wwvkummx
500 1919 567 1934 &W
573 1918 639 1934 §.mxx
645 1919 711 1935 m}
717 1919 783 1934 Ἃὶἱ
790 1918 855 1935 ἱὶιὶὶ
861 1918 926 1934 xxm*
933 1919 999 1935 mum
1004 1919 1070 1935 &W
1075 1919 1142 1935 &1⁴12
1149 1919 1214 1934 νὶὶῒ
1221 1919 1285 1935 §UNA
1291 1919 1357 1935 &W
1364 1919 1429 1935 ὶυῑὶ
1434 1919 1484 1936 ΚΑΛ
1489 1919 1500 1933 ’-
1506 1919 1571 1936 ὯΚΊΝ

689 2017 908 2070 CAPUT
948 2021 1038 2067 IX.

168 2142 400 2189 illembrcc
431 2141 730 2204 senzzpedmn
752 2159 840 2188 sex
863 2152 908 2188 et
936 2153 1132 2204 septem.
1158 2171 1218 2178 ——
1240 2142 1470 2189 Membra
1500 2159 1572 2188 se-

229 2214 474 2276 mipedum
502 2224 610 2260 octo
636 2224 683 2260 et
710 2225 912 2276 septem.
942 2244 999 2250 —-
1017 2214 1247 2261 illembrcc
1275 2213 1571 2276 semipedum

230 2303 402 2333 novem
426 2296 473 2332 et
489 2296 686 2348 septem.

227 2416 373 2458 XVII.
397 2416 520 2460 NUNC
540 2414 688 2476 itaque
720 2415 968 2472 considera,
993 2425 1145 2461 utrum
1168 2417 1212 2460 in
1235 2416 1409 2462 duobus
1432 2432 1571 2461 mem-

168 2485 274 2541 bris,
301 2501 492 2546 quorum
525 2486 719 2546 primum
756 2487 960 2532 exhibeat
994 2487 1233 2549 semipedes
1262 2504 1355 2546 sex,
1383 2488 1569 2534 alterum

167 2567 349 2618 septem,
366 2558 606 2618 reperiatur
626 2574 674 2604 ea
697 2559 939 2620 aequalitas,
957 2569 1007 2604 ut
1030 2560 1110 2606 rite
1132 2576 1222 2607 esse
1244 2577 1390 2606 versus
1415 2570 1562 2622 queat.
