1852 3163
530 178 651 205 imm
684 176 737 206 DE
771 176 902 206 nmini
940 175 1054 204 wrm.
1458 167 1537 205 129

141 256 289 303 quam,
319 240 395 286 sed
416 240 560 286 adhuc
585 240 696 286 illud
722 255 901 296 vereor,
927 256 984 284 ne
1010 254 1086 284 vos
1114 249 1288 284 moveat
1309 240 1431 300 quod
1446 243 1537 302 jam

141 312 340 373 superius
362 327 725 368 concesseramus,
747 312 953 356 miserum
972 327 1062 356 esse
1075 311 1271 372 quisquis
1284 311 1436 357 beatus
1452 329 1542 358 non

142 384 197 428 sit
222 401 232 429 ε
257 383 329 428 6111
351 398 622 444 consequens
640 384 723 428 erit
744 397 834 428 esse
855 382 1062 427 miserum
1081 382 1324 437 hominem,
1351 383 1427 443 qui
1442 399 1542 443 pro-

141 455 300 517 pitium
321 464 443 500 tenet
464 457 622 511 Deum,
653 470 787 516 quem
806 453 951 499 adhuc
968 457 1109 499 Deum
1132 462 1404 515 quaerentem
1427 468 1542 499 non-

142 525 251 571 dum
268 525 454 570 diximus
471 541 561 570 esse
584 525 780 569 beatum.
799 529 869 570 An
891 540 993 570 vero
1012 524 1134 586 quod
1154 525 1214 569 ait
1228 523 1411 581 Tullius,
1429 525 1550 569 mul«

143 606 291 651 torum
318 597 365 640 in
391 597 514 641 terris
544 595 817 657 praediorum
848 595 1046 641 dominos
1068 595 1222 641 divites
1252 594 1543 656 appellamus,

144 668 341 714 omnium
379 669 593 713 virtutum
635 683 898 728 possessores
937 683 1151 728 pauperes
1186 668 1511 712 nominabimus
1530 670 1547 712 P

147 740 231 786 Sed
254 739 365 784 illud
379 739 543 795 videte,
564 748 717 784 utrum
739 739 964 800 quomodo
986 755 1140 784 verum
1163 749 1240 795 est,
1263 739 1384 800 quod
1407 741 1550 784 omnis

148 827 279 873 egens
301 810 431 855 misci·
453 811 521 865 sit,
542 810 602 854 ita
625 811 679 854 sit
706 826 858 855 verum
875 810 996 871 quod
1016 811 1156 855 omnis
1178 811 1308 856 miser
1322 820 1459 870 egeat.
1484 815 1551 856 Ita

145 883 262 927 enim
284 882 365 926 erit
385 897 540 927 verum
565 880 674 925 nihil
698 881 820 925 aliud
842 897 931 926 csse
955 882 1172 926 iniseriam
1214 898 1347 943 quam
1377 892 1546 941 egesta-

145 965 250 1010 tem,
276 954 398 1015 quod
420 970 489 998 me
512 969 631 998 nunc
652 969 754 998 eum
778 953 997 999 diceretur
1018 953 1199 997 laudare
1222 954 1425 998 sensistis.
1454 958 1549 999 Hoc

146 1036 294 1071 autem
316 1026 450 1070 hodie
468 1024 651 1084 longum
671 1035 734 1069 est
752 1036 802 1069 ut
819 1041 1084 1085 quaerainus,
1107 1042 1241 1086 quare
1264 1035 1366 1085 peto
1389 1042 1443 1070 116
1462 1026 1551 1071 fas·-

145 1098 255 1143 tidio
283 1097 409 1142 vobis
440 1097 494 1141 sit
527 1096 583 1141 ad
619 1097 746 1141 istam
780 1112 977 1141 mensam
1008 1113 1101 1141 cras
1135 1097 1265 1141 etiam
1299 1098 1546 1143 convenire.

147 1168 280 1224 Quod
300 1185 404 1215 cum
429 1184 580 1214 omnes
600 1184 644 1213 se
657 1167 940 1213 libentissime
952 1169 1115 1213 hahere
1133 1168 1354 1225 dixissent,
1371 1171 1554 1215 surrexi-

147 1256 261 1287 mus.

1080 1404 1346 1422 vnumwwwxoewm
1350 1406 1414 1423 ΜΝ.
1418 1406 1484 1424 ΚΜ
1487 1408 1555 1426 Um

397 1542 463 1591 DI
473 1539 802 1592 SPUTATIO
839 1540 1099 1591 TERTIAE
1136 1542 1290 1592 DIEI.

289 1674 368 1723 De
395 1678 658 1738 qucestione
675 1675 835 1738 pridie
852 1678 1106 1738 proposita
1129 1675 1408 1725 dieenclmm

211 1804 383 1848 XXIII.
421 1806 609 1848 TERTIUS
638 1812 783 1848 autem
805 1803 896 1848 dies
918 1803 1226 1864 disputationis
1254 1813 1429 1860 nostrie,
1456 1820 1553 1850 ma·—

155 1875 317 1933 tutinus
351 1874 492 1920 nubes
528 1892 630 1936 quae
663 1890 743 1920 nos
764 1874 981 1933 cogebant
1007 1874 1053 1919 in
1091 1873 1269 1919 balneas
1306 1874 1553 1936 dissipavit,

155 1956 416 2008 tempusque
429 1946 783 2007 pomeridianum
793 1945 1153 1991 candidissimum
1167 1946 1372 1991 reddidit.
1390 1947 1557 1994 Placuit

156 2034 258 2078 ergo
279 2019 326 2063 in
346 2019 509 2080 pratuli
525 2019 773 2080 propinqua
791 2018 1069 2074 descendere,
1102 2028 1233 2079 atque
1256 2019 1458 2064 omnibus
1476 2037 1560 2065 no-

156 2090 223 2135 bis
244 2090 324 2134 ubi
346 2090 631 2135 commodum
659 2090 802 2135 visum
825 2099 889 2135 est
908 2090 1253 2147 considentibus,
1280 2091 1474 2153 reliquus
1495 2093 1556 2138 ita

157 2177 298 2207 sermo
318 2171 560 2222 pertractus
581 2171 659 2207 est.
686 2160 845 2206 Omnia
867 2177 994 2221 pene,
1019 2162 1216 2223 inquam,
1242 2179 1342 2223 quae
1370 2164 1558 2210 interro-

160 2234 279 2294 ganti
296 2233 404 2278 mihi
427 2233 608 2279 concedi
634 2251 657 2278 a
678 2233 804 2278 vobis
830 2232 965 2288 valui,
998 2234 1141 2278 habeo
1166 2250 1215 2279 ae
1233 2243 1360 2280 teneo
1387 2254 1395 2281 :
1422 2253 1560 2298 quare

159 2304 375 2350 hodierno
398 2304 484 2362 die,
518 2322 607 2367 quo
629 2305 842 2365 possimus
872 2304 1051 2349 tandem
1079 2305 1163 2350 hoc
1185 2316 1384 2351 nostrum
1406 2310 1559 2355 convi-

159 2377 282 2422 vium
299 2376 445 2438 aliquo
464 2375 694 2423 intervallo
712 2376 883 2421 dierum
909 2375 1198 2436 distinguere,
1231 2388 1306 2423 aut
1334 2379 1457 2435 nihil,
1484 2391 1561 2426 aut

162 2464 252 2494 non
274 2446 464 2493 multum
485 2448 593 2503 erit,
624 2456 676 2492 ut
704 2447 885 2508 opinor,
913 2447 1035 2508 quod
1063 2448 1171 2493 mihi
1196 2464 1273 2495 vos
1296 2452 1559 2511 respondere

163 2535 334 2565 neeesse
355 2519 424 2565 sit.
446 2519 621 2564 Dictum
645 2519 761 2563 enim
785 2528 877 2563 crat
900 2535 922 2562 a
938 2528 1073 2563 mati-c
1093 2520 1199 2564 1111111
1218 2521 1337 2567 aliud
1372 2540 1460 2567 esse
1482 2524 1562 2567 1111-

383 2604 506 2631 cviii.
1330 2595 1354 2632 9
