1888 3168
285 233 367 271 582
889 240 1040 268 ῐΝῡΕΧ.

289 312 362 342 (nv.
374 320 437 343 xlv.
464 309 582 342 Musica
614 313 645 341 ct
681 308 819 352 pos-tica.
841 325 883 332 —-
900 307 1029 352 Triplex
1063 318 1168 340 sonus.
1203 325 1244 332 —
1263 309 1377 340 Versus
1402 308 1499 342 unde.
1518 327 1559 335 —

487 364 678 407 Rliythmus.
1610 369 1675 402 205

387 433 442 454 xv.
470 421 671 454 Geometrica
690 423 723 453 et
742 420 946 453 astronomia.
1610 424 1675 456 207

381 489 441 510 xvi.
469 476 647 519 Disciplinae
657 474 805 508 liberates
820 475 963 507 esserunt
980 473 1184 508 intellectum
1199 475 1240 508 ad
1254 475 1374 508 divina.
1612 479 1678 512 208

368 545 444 568 xvn.
470 533 594 567 Arduas
611 531 797 574 quaestiones
815 542 856 564 ne
873 531 1034 574 attingant
1046 540 1110 562 non
1127 530 1275 563 instructi
1293 530 1479 574 disciplinis.
1613 534 1679 567 210

354 602 445 625 xvm.
472 592 540 629 Quo
557 588 667 622 ordine
684 588 787 622 anima
801 587 990 631 provehitur
1004 587 1044 619 ad
1058 586 1272 630 cognitionem
1282 587 1329 620 sui
1346 592 1380 621 et
1394 589 1489 632 ipsius
1499 589 1569 622 uni-

493 646 582 679 tatis.
599 663 642 668 —
656 645 772 679 Omnia
789 644 822 677 in
838 655 936 677 unum
953 644 1100 677 tendunt.
1615 646 1679 678 212

379 714 443 736 xlx.
467 704 574 736 Homo
590 702 675 735 unde
692 700 796 733 brutis
808 699 1010 743 praestantior
1024 712 1031 731 ε
1051 699 1209 742 quomodo
1221 699 1320 742 possit
1330 699 1442 735 videre
1455 703 1567 736 Deum.
1616 703 1683 735 214

392 771 445 793 xx.
472 759 618 803 Epilogus
634 759 765 791 hortans
783 758 823 790 ad
834 757 951 789 bonam
969 756 1080 790 vitam.
1616 760 1681 791 216

507 875 592 922 DE
629 871 1184 923 IMMORTALlTATE
1222 871 1468 923 ANIMAE-

803 989 978 1032 LIBER
1022 988 1186 1033 UNUS.

305 1097 486 1136 Continet
501 1095 565 1132 hic
583 1095 683 1132 liber
696 1094 917 1141 congeriem
943 1093 1133 1130 rationum
1150 1104 1220 1141 pro
1235 1093 1373 1131 animae
1390 1095 1692 1139 immortalitate,

473 1165 624 1192 necnon
643 1153 986 1190 intercurrentium
1003 1153 1274 1189 difficultatum
1290 1153 1535 1190 solutionem.

339 1255 413 1287 eff.
440 1265 462 1287 1.
488 1251 594 1285 Prima
610 1250 692 1283 ratio
703 1275 712 1293 ‚
732 1250 817 1294 quod
834 1248 939 1282 anima
956 1250 997 1281 sit
1015 1247 1203 1282 immortalis
1215 1273 1225 1291 ‚
1245 1248 1320 1292 quia
1337 1248 1521 1292 subJectum
1537 1253 1587 1283 cst

505 1306 682 1351 disciplinae
702 1317 771 1350 quae
789 1317 915 1349 semper
928 1310 987 1339 est.
1629 1308 1695 1340 219

430 1378 466 1400 11.
491 1365 561 1399 Alia
583 1364 664 1397 ratio
678 1364 751 1406 quia
764 1363 947 1405 subjectum
965 1366 1014 1395 est
1029 1362 1160 1395 rationis
1175 1373 1245 1407 quae
1261 1372 1326 1396 non
1343 1367 1497 1396 mutatur.
1631 1364 1698 1396 220

410 1434 458 1458 m.
482 1423 562 1455 Viva
591 1420 769 1453 substantia
796 1425 831 1453 et
845 1419 1055 1453 immutabilis
1079 1419 1219 1462 animm,
1238 1430 1300 1452 nec
1323 1419 1348 1452 si
1366 1418 1471 1463 aliquo
1492 1419 1587 1453 modo

506 1476 667 1510 mutabilis
681 1500 690 1517 ,
707 1481 882 1518 propterea
897 1476 1041 1509 mortalis
1050 1476 1098 1508 fit.

1632 1476 1695 1508 221

412 1546 459 1569 iv.
484 1537 543 1568 Ars
561 1537 597 1565 et
611 1530 696 1564 ratio
711 1540 918 1564 numerorum
935 1529 1141 1563 immutabilis
1153 1541 1222 1574 quae
1235 1531 1342 1565 animo
1355 1541 1418 1564 non
1433 1530 1501 1564 sine
1518 1530 1586 1564 vita

505 1589 672 1622 inhaerent.
1634 1588 1700 1620 223

426 1659 459 1680 v.
487 1645 616 1678 Animus
633 1653 696 1675 non
709 1646 848 1675 mutatur
864 1646 901 1674 ut
920 1640 1044 1675 desinat
1062 1652 1131 1674 esse
1149 1642 1285 1676 animus.
1636 1645 1702 1676 22⁸3

411 1716 458 1737 vx.
482 1702 576 1736 Ratio
591 1712 659 1745 quae
673 1698 941 1732 incommutabilis
959 1703 1025 1740 est,
1045 1698 1159 1731 sivein
1175 1699 1279 1732 animo
1292 1726 1301 1739 ,
1315 1698 1382 1731 sive
1399 1708 1472 1731 cum
1486 1698 1592 1732 animo

509 1760 550 1790 sit
567 1784 575 1801 ‚
603 1758 671 1789 sive
691 1756 812 1788 animus
829 1755 861 1787 in
879 1765 916 1788 ea
928 1779 938 1797 ‚
957 1752 1085 1798 adipso
1109 1755 1224 1787 eodem
1253 1755 1358 1788 animo
1375 1755 1516 1798 separari
1542 1766 1595 1788 ne-

512 1815 595 1858 quit.
1025 1812 1033 1819 '
1640 1813 1704 1844 227

408 1885 465 1906 vn.
489 1873 577 1912 Nec,
595 1869 620 1901 si
637 1880 694 1912 per
720 1867 933 1900 substantiam
956 1868 997 1900 ad
1018 1866 1185 1901 defectum
1209 1868 1316 1901 tendit
1337 1868 1479 1911 animus,
1503 1867 1547 1901 ob
1563 1868 1597 1901 id

512 1927 634 1960 interit.
1642 1926 1707 1958 229

400 1985 471 2007 vm.
497 1975 539 2006 tt
561 1971 685 2014 corpori
701 1980 764 2002 non
779 1973 890 2013 potest
903 1967 1024 2002 auferri
1039 1978 1102 2013 quo
1123 1979 1241 2012 corpus
1259 1973 1309 2002 est
1326 1977 1334 1998 2
1353 1969 1399 2002 ita
1415 1979 1476 2002 nec
1493 1968 1600 2002 animo

519 2038 583 2073 quo
599 2028 721 2060 animus
732 2031 791 2060 est.
1644 2028 1707 2058 231

426 2097 472 2119 1x.
501 2086 630 2118 Animus
643 2085 708 2117 vita
727 2088 794 2125 est3
810 2082 855 2116 sic
868 2083 934 2116 vita
952 2093 1064 2115 carere
1079 2092 1143 2115 non
1158 2086 1275 2126 potest.
1646 2083 1711 2114 233

440 2154 475 2177 x.
503 2142 633 2175 Animus
649 2151 712 2173 non
727 2145 775 2173 est
791 2139 982 2182 temperatio
999 2140 1152 2182 corporis,
1647 2140 1714 2172 234

430 2211 475 2232 xi.
501 2200 632 2232 Animus
667 2208 727 2230 nec
751 2208 810 2240 per
838 2196 1012 2229 falsitatem
1040 2196 1125 2239 perit
1146 2195 1278 2228 veritati
1306 2194 1521 2236 contrariam,
1547 2194 1607 2227 etsi

525 2255 623 2288 animi
643 2260 692 2287 est
712 2263 807 2287 causa
826 2253 958 2285 veritas.
1648 2252 1714 2284 235

426 2322 485 2344 xn·.
512 2310 649 2344 Veritati
662 2336 671 2352 ⁷
687 2321 705 2342 a
722 2319 783 2353 qua
803 2313 851 2341 est
867 2308 989 2340 animus
1010 2307 1096 2351 quod
1113 2311 1180 2349 est,
1206 2310 1363 2350 quatenus
1379 2306 1447 2350 ipsa
1467 2311 1517 2340 est
1531 2306 1609 2339 nihil

525 2366 732 2401 contrarium.
1650 2364 1714 2394 237

420 2436 485 2458 xm.
511 2423 641 2457 Animus
657 2421 763 2455 necin
779 2431 894 2464 corpus
905 2420 1116 2452 convertitur.
1650 2420 1716 2452 238

411 2492 477 2514 xiv.
502 2482 571 2513 Nec
588 2489 716 2521 somno,
742 2488 805 2510 nec
829 2476 1010 2519 hujusmodi
1037 2475 1183 2519 corporis
1198 2475 1376 2509 affcctione
1402 2476 1515 2508 animae
1538 2475 1604 2508 vim

524 2536 635 2570 minui.
1650 2531 1716 2563 240

422 2605 476 2627 κν.
503 2595 639 2627 Rursum
657 2592 794 2626 animam
810 2601 875 2625 non
892 2600 984 2633 posse
1001 2589 1035 2623 in
1050 2599 1168 2632 corpus
1184 2588 1310 2622 mutari.
1650 2588 1713 2619 241
