1852 3163
678 167 732 194 DE
765 164 924 194 ORDINE
957 165 1039 191 ΜΒ.
1076 165 1123 190 11.
1519 151 1600 189 193

215 302 1606 327 Ὰ’ΜΝΝᾺἋΜᾺΜΨἏἋΜ’ᾺΜΜΜἉΜΜΜΝΜΜΝἋΜἉΜἋΜᾺᾺἏΝΜ

708 440 927 491 CAPUT
972 440 1115 490 VIII.

223 589 509 639 Traduntur
533 591 746 652 primum
773 587 1161 636 adolescentibus
1198 596 1448 649 praecepta
1474 588 1610 643 vitm,

634 672 734 709 tum
755 660 875 709 ordo
899 658 1195 708 eruditionis.

275 813 416 856 XXV.
443 813 543 856 HAEc
559 820 707 856 autem
724 809 952 872 disciplina
971 811 1062 871 ipsa
1081 810 1160 855 Dei
1176 809 1246 855 lex
1263 818 1326 855 est
1344 845 1355 866 ‚
1376 825 1475 871 quae
1498 809 1618 870 apud

218 899 320 928 eum
335 883 419 927 fixa
433 892 477 927 et
493 883 749 928 inconcussa
762 898 931 943 semper
943 898 1125 928 manens
1140 918 1150 938 ,
1167 883 1213 927 in
1226 882 1440 943 sapientes
1457 881 1622 926 animas

217 956 341 1017 quasi
383 955 708 1012 transcribitur,
753 966 804 1000 ut
843 964 965 1000 tanto
1001 971 1045 1000 se
1079 955 1219 1000 sciant
1246 954 1392 999 vivere
1429 952 1585 998 melius
1601 987 1612 1008 ‚

220 1036 430 1088 tantoque
453 1027 708 1083 sublimius,
754 1037 921 1089 quanto
945 1036 987 1071 et
1018 1025 1258 1087 perfectius
1282 1041 1378 1070 eam
1420 1034 1620 1070 contem-

218 1099 397 1159 plantur
416 1099 728 1159 intelligendo,
757 1109 801 1144 et
837 1098 1027 1145 vivendo
1065 1099 1322 1144 custodiunt
1351 1096 1618 1155 diligentius.

219 1173 326 1215 Haec
368 1171 502 1231 igitur
543 1171 776 1231 disciplina
812 1172 894 1227 eis,
935 1169 1012 1231 qui
1043 1170 1162 1214 illam
1195 1185 1319 1215 nosse
1354 1167 1625 1225 desiderant,

220 1241 350 1286 simul
368 1243 594 1302 geminum
611 1243 813 1288 ordinem
828 1242 952 1302 sequi
965 1241 1095 1302 jubet
1117 1260 1126 1286 2
1143 1241 1267 1301 cujus
1284 1256 1491 1303 unapars
1503 1240 1622 1295 vitae,

218 1312 353 1378 alt—(ga
377 1313 633 1358 eruditionis
665 1323 745 1359 est.
772 1312 1137 1357 Adolescentibus
1171 1328 1275 1371 ergo
1307 1302 1512 1356 studiosis
1535 1313 1627 1372 ejus

218 1385 278 1430 ita
299 1384 539 1430 vivendum
558 1394 643 1441 est,
678 1394 729 1429 ut
750 1401 773 1429 a
795 1385 990 1430 venereis
1012 1384 1168 1440 rebus,
1201 1384 1256 1429 ab
1279 1383 1496 1428 illecebris
1519 1399 1627 1428 ven-

218 1456 295 1501 tris
323 1465 366 1500 et
388 1456 576 1515 gutturis
592 1491 603 1511 ,
629 1455 684 1499 31)
710 1454 973 1500 immodesto
1003 1456 1196 1516 corporis
1219 1455 1344 1499 cultu
1373 1464 1417 1499 et
1439 1463 1622 1512 ornatu,

220 1528 276 1572 ab
314 1527 520 1572 inanibus
557 1527 746 1587 negotiis
787 1525 1019 1583 ludorum‚
1045 1543 1069 1571 a
1095 1536 1268 1587 torpore
1307 1526 1449 1571 somni
1491 1536 1624 1587 atquc

220 1599 410 1658 pigritiae
428 1634 439 1654 ‚
466 1598 521 1643 ab
554 1597 836 1643 aemulatione
853 1634 863 1654 ,
892 1599 1233 1655 obtrectatione,
1266 1597 1526 1653 invidentia,
1571 1598 1627 1642 ab

219 1670 444 1715 honorum
465 1678 823 1730 potestatumque
853 1670 1196 1726 ambitionibus,
1234 1670 1289 1714 ab
1318 1669 1452 1730 ipsius
1495 1668 1628 1713 etiam

222 1741 366 1786 laudis
389 1739 626 1785 immodica
641 1740 882 1801 cupiditate
896 1756 940 1785 se
958 1741 1220 1786 abstineant.
1247 1744 1455 1785 Amorem
1477 1749 1627 1784 autem

220 1814 420 1874 pecuniae
434 1812 567 1857 totins
579 1827 669 1855 suae
683 1812 772 1871 spei
787 1812 1079 1856 certissimum
1089 1828 1311 1858 venenum
1325 1827 1416 1856 esse
1430 1813 1624 1856 credant.

221 1884 342 1932 Nihil
355 1884 570 1929 enerviter
585 1882 749 1927 saciant
763 1919 773 1939 ‚
792 1882 902 1927 nihil
921 1882 1158 1928 audaciter.
1193 1887 1246 1928 In
1266 1884 1454 1944 peccatis
1477 1892 1626 1928 autem

221 1972 404 2002 suorum
435 1955 506 2000 Vel
527 1953 693 2015 pellant
715 1954 896 1999 omnino
934 1954 1068 2011 iram,
1092 1955 1164 2000 vel
1190 1955 1250 1999 ita
1273 1953 1472 2010 frenent,
1498 1964 1550 1999 ut
1571 1955 1626 1999 sit

222 2028 361 2090 pulsae
383 2026 550 2072 similis.
576 2025 808 2071 Neminem
846 2025 1032 2071 oderint.
1058 2025 1190 2072 Nulla
1212 2026 1317 2071 vitia
1354 2042 1445 2071 non
1472 2042 1625 2071 curare

224 2099 378 2145 velint.
404 2101 673 2157 Magnopere
692 2096 926 2142 observent
947 2112 1050 2142 cum
1073 2097 1322 2154 vindicant,
1363 2114 1419 2142 ne
1440 2098 1626 2142 nimium

224 2172 280 2217 sit
306 2191 315 2217 :
342 2185 443 2215 cum
463 2167 722 2229 ignoscunt,
761 2184 816 2213 ne
837 2184 1009 2228 parum.
1036 2169 1155 2215 Nihil
1182 2169 1369 2230 puniant
1390 2168 1513 2231 quod
1535 2185 1626 2214 non

226 2242 369 2288 valeat
388 2241 444 2286 ad
464 2239 619 2285 melius
641 2260 650 2286 z
672 2239 783 2285 nihil
804 2239 1064 2300 indulgeant
1090 2240 1212 2303 quod
1244 2251 1386 2287 vertat
1406 2241 1452 2285 in
1481 2242 1620 2301 pejus.

230 2317 338 2360 Suos
350 2321 508 2374 putent
521 2327 688 2367 omnes⁷
704 2312 749 2356 in
762 2328 873 2373 quos
884 2312 965 2356 sibi
978 2322 1168 2373 potestas
1183 2314 1283 2358 data
1298 2313 1446 2358 fuerit.
1463 2316 1529 2357 Ita
1540 2328 1626 2357 ser-

226 2387 348 2431 viant
364 2420 374 2440 ‚
400 2393 451 2428 ut
472 2383 530 2428 eis
564 2382 782 2428 dominari
805 2382 970 2443 pudeat
996 2403 1005 2429 ε
1040 2385 1100 2429 ita
1123 2384 1408 2430 dominentur
1424 2421 1435 2441 ,
1480 2394 1530 2429 ut
1564 2384 1623 2429 eis

229 2457 387 2503 servire
410 2454 614 2500 delectet.
642 2458 694 2500 In
720 2454 963 2499 alienorum
986 2465 1132 2500 autem
1154 2457 1316 2517 pecatis
1338 2455 1511 2501 molesti
1533 2472 1624 2500 11011

231 2527 480 2575 sintinvito.
503 2526 755 2572 Inimicitias
767 2527 908 2571 vitent
921 2527 1183 2584 cautissime,
1204 2528 1620 2590 [erantaequissinie‚

445 2610 567 2640 cvm.
1362 2602 1412 2642 13
