1888 3168
298 182 382 222 334
726 194 759 219 s.
795 189 1026 221 Aucuscrrm
1058 192 1239 221 Emscom

295 259 459 304 fectum
482 274 490 301 ε
508 255 584 301 sed
605 256 713 317 quid
734 257 790 302 ad
811 260 928 302 rem?
951 257 1143 303 Habebit
1159 258 1275 302 enim
1292 266 1335 302 et
1356 258 1518 305 tibicen
1539 261 1677 306 scien-

295 329 400 374 tiam
422 327 468 371 in
485 327 646 373 animo.
672 330 821 390 Neque
841 329 959 373 enim
979 344 1081 373 cum
1093 329 1133 373 ei
1148 329 1314 374 accedit
1325 328 1529 386 imitatio,
1545 347 1680 392 quam

295 399 386 444 sine
400 413 580 458 corpore
595 397 697 444 dedi
714 414 804 444 esse
819 415 908 444 nou
924 415 1047 460 posse
1059 435 1071 455 ,
1091 399 1252 446 adimet
1272 398 1384 444 illud
1399 399 1521 462 quod
1535 401 1681 446 animo

296 468 586 530 amplectitur.
624 473 684 515 M.
716 473 814 517 Non
839 470 1001 516 adimet
1031 470 1211 532 quidem
1241 490 1250 516 :
1285 487 1366 517 nec
1398 487 1480 532 ego
1511 472 1682 518 affirmo

295 557 389 597 eos,
415 557 438 585 a
458 541 619 602 quibus
641 557 802 601 organa
815 543 895 588 ista
917 552 1182 598 tractantur,
1206 557 1356 589 omnes
1374 559 1521 589 carere
1541 543 1683 603 scien-

296 614 355 656 tia
369 648 379 657 .
405 611 480 657 sed
502 629 591 657 non
610 613 772 657 habere
791 629 941 660 omnes
964 614 1076 660 dico.
1105 617 1236 659 Istam
1258 616 1374 660 enim
1395 615 1452 660 ad
1474 616 1559 661 hoc
1585 614 1684 659 vol-

297 684 439 728 vimus
466 684 775 745 quaestionem,
796 695 847 730 ut
866 685 1158 744 intelligamus
1176 722 1187 742 ,
1212 686 1246 731 si
1268 701 1523 747 possumus,
1549 701 1683 747 quam

297 764 413 799 recte
435 755 490 800 sit
509 756 687 800 scientia
713 756 760 800 in
780 755 854 801 illa
876 756 1131 803 definitione
1156 757 1332 803 musicae
1352 759 1492 819 posita
1507 793 1518 814 ‚
1549 771 1684 819 quam

297 826 332 870 si
362 841 512 871 omnes
536 827 733 872 tibicines
756 837 800 872 et
822 827 1017 874 fidicines
1033 865 1043 884 ,
1081 838 1124 874 et
1153 827 1200 873 id
1219 844 1354 888 genus
1376 829 1473 885 alii,
1498 827 1688 889 quilibet

297 896 485 952 habent,
525 896 635 942 1111111
667 898 748 943 ista
779 897 1007 959 disciplina
1035 909 1144 960 puto
1168 916 1258 945 esse
1284 899 1435 956 vilius,
1466 898 1577 943 nihil
1605 897 1686 943 ah-

293 977 466 1027 Jectlus.

358 1041 482 1083 VIII.
521 1038 606 1084 Sed
638 1041 814 1085 attende
846 1057 978 1102 quam
1016 1041 1368 1101 diligentissime,
1399 1050 1450 1086 ut
1471 1038 1592 1101 quod
1613 1038 1691 1083 diu

294 1110 387 1169 jam
414 1109 619 1155 molimur
658 1122 876 1171 appareat.
909 1115 1037 1158 Certe
1072 1114 1187 1158 enim
1211 1115 1303 1175 jam
1323 1112 1433 1157 mihi
1452 1111 1611 1156 dedisti
1645 1111 1692 1154 111

299 1179 390 1224 solo
433 1182 578 1227 auimo
621 1183 818 1228 habitare
864 1184 1104 1229 scientiam.
1155 1188 1206 1229 D.
1253 1185 1418 1238 Quidni
1460 1182 1693 1229 dederim?

301 1254 361 1294 M.
388 1252 505 1304 Quid
518 1288 528 1307 ,
549 1269 725 1298 sensum
743 1256 914 1299 aurium
933 1256 1163 1300 animo-ne
1179 1291 1189 1311 ,
1211 1271 1267 1300 an
1289 1255 1481 1315 corpori,
1508 1270 1564 1299 an
1581 1253 1693 1298 utri-

300 1338 386 1382 que
407 1322 638 1368 concedis?
660 1329 712 1369 D.
736 1326 930 1386 Utrique.
943 1330 1013 1375 Μ.
1033 1326 1151 1380 Quid
1163 1327 1448 1372 memoriam?
1467 1328 1518 1371 D.
1534 1324 1695 1370 Animo

300 1403 410 1452 puto
425 1410 514 1439 esse
541 1396 833 1440 tribuendam.
855 1400 954 1442 Non
975 1398 1092 1441 enim
1115 1398 1147 1441 si
1164 1412 1242 1457 per
1262 1413 1411 1441 sensus
1433 1397 1696 1457 percipimus

303 1464 467 1523 aliquid
492 1467 613 1526 quod
643 1468 861 1510 memoriae
890 1467 1274 1523 commendamus,
1307 1468 1406 1512 ideo
1434 1467 1480 1511 in
1513 1481 1695 1526 corpore

303 1538 511 1581 memoria
529 1553 618 1582 esse
635 1539 831 1597 putanda
856 1548 934 1582 est.
956 1540 1018 1582 M.
1040 1542 1199 1597 Magna
1217 1539 1398 1583 fortasse
1415 1539 1496 1583 ista
1513 1538 1696 1598 quaestio

303 1617 367 1651 est
400 1623 543 1668 neque
577 1609 679 1652 huic
701 1618 950 1668 opportuna
972 1609 1188 1653 sermoni:
1217 1609 1301 1654 Sed
1332 1609 1453 1670 quod
1473 1609 1697 1670 proposito

303 1688 369 1723 sat
391 1688 476 1735 est,
502 1689 611 1739 puto
633 1690 676 1724 te
698 1695 858 1738 negare
880 1696 971 1725 non
992 1695 1138 1740 posse,
1164 1680 1321 1724 bestias
1342 1681 1506 1725 habere
1525 1695 1697 1726 memo-

304 1751 429 1795 riam.
468 1754 577 1796 Nam
599 1761 643 1795 et
665 1751 790 1795 nidos
811 1761 909 1811 post
933 1767 1098 1796 annum
1130 1753 1323 1798 revisunt
1343 1752 1622 1809 hirundines,
1655 1762 1699 1798 et

305 1820 360 1865 de
378 1821 554 1881 capellis
578 1822 796 1866 verissime
814 1822 980 1867 dictum
998 1832 1088 1868 est:

419 1921 525 1961 Atque
543 1919 617 1962 ipsae
635 1929 792 1951 memores
810 1919 948 1951 redeunt
964 1920 1094 1952 intecta
1113 1919 1254 1962 capellae.

305 1986 363 2028 Et
392 1985 510 2029 canis
531 1985 710 2030 heroem
734 1983 963 2029 dominum
978 2021 988 2040 ,
1008 1986 1099 2044 jam
1122 1985 1208 2029 suis
1233 1985 1484 2030 hominibus
1509 1984 1697 2031 oblitum

299 2056 606 2114 >recognovisse
639 2054 916 2115 praedicatur.
951 2058 1009 2099 Et
1039 2055 1399 2112 innumerabilia,
1431 2057 1466 2101 si
1487 2057 1694 2113 velimus,

306 2126 651 2171 animadvertere
663 2142 908 2186 possumus,
929 2126 1090 2187 quibus
1107 2126 1151 2171 id
1165 2126 1287 2188 quod
1298 2126 1397 2172 dico
1418 2128 1700 2174 manifestum

307 2206 385 2241 est.
423 2201 475 2242 D.
507 2199 595 2243 Nec
629 2213 710 2256 ego
737 2197 854 2241 istud
886 2213 1026 2257 nego,
1052 2207 1095 2243 et
1116 2197 1224 2259 quid
1260 2207 1304 2243 te
1327 2198 1526 2261 adjuvet,
1562 2200 1699 2245 vehe-

308 2277 478 2313 menter
500 2277 694 2329 expecto.
723 2271 784 2312 M.
812 2267 929 2322 Quid
949 2278 1098 2329 putas,
1123 2269 1205 2313 nisi
1232 2270 1354 2330 quod
1379 2271 1604 2315 scientiam
1621 2271 1699 2333 qui

307 2337 387 2382 soli
420 2339 563 2383 animo
595 2339 773 2395 tribuit,
811 2354 994 2401 eamque
1027 2339 1230 2385 omnibus
1251 2340 1576 2386 irrationalibus
1599 2342 1694 2387 ani-

306 2409 528 2454 mantibus
550 2409 720 2466 adimit,
753 2425 897 2471 neque
917 2410 962 2456 in
991 2427 1120 2457 sensu
1142 2426 1263 2469 eam,
1286 2428 1430 2474 neque
1452 2414 1497 2458 in
1517 2429 1685 2461 memo-

361 2526 369 2542 ¹
384 2520 468 2562 Virg.
484 2521 597 2561 Georg.
618 2531 662 2552 111.
