1883 3194
298 251 352 290 26
733 257 767 285 s.
806 253 1038 286 Arois-rim
1071 257 1257 286 Episcom

295 328 374 372 nisi
412 325 742 381 intercessisses,
774 324 1078 385 protulissem:
1104 340 1224 369 error
1257 325 1364 369 mihi
1394 325 1571 371 videtur
1602 341 1692 371 esse

295 399 390 456 falsi
412 414 493 459 pro
524 413 629 444 vero
656 397 942 458 approbatio:
966 397 1011 441 in
1034 412 1167 457 quem
1199 396 1324 442 nullo
1360 406 1490 458 pacto
1512 397 1689 455 incidit,

293 471 370 533 qui
387 471 613 517 veritatem
634 467 918 531 quaerendam
936 483 1105 528 semper
1118 468 1356 526 existimat.
1374 468 1555 514 Falsum
1577 469 1695 515 enim

292 543 480 604 probare
514 558 604 588 non
635 550 781 601 potest
803 540 880 601 qui
901 540 1062 600 probat
1085 539 1224 586 nihil:
1259 556 1353 586 non
1380 540 1516 600 igitur
1549 551 1696 602 potest

292 630 459 660 errare:
486 614 640 658 beatus
667 620 814 657 autem
836 609 1046 656 facillime
1074 626 1165 656 esse
1185 620 1345 672 potest.
1380 614 1495 658 Nam
1517 628 1573 657 ne
1594 612 1695 658 lon-

294 687 389 746 gius
412 686 589 742 abeam,
615 685 650 730 si
672 684 798 730 nobis
819 684 944 745 ipsis,
969 693 1021 729 ut
1041 684 1137 729 heri
1157 683 1306 740 licuit,
1331 684 1528 746 quotidie
1551 686 1696 732 vivere

291 756 464 815 liceret,
488 757 601 803 nihil
621 757 729 802 mihi
751 755 942 802 occurrit
964 772 1043 801 cur
1063 771 1144 801 nos
1174 756 1326 801 beatos
1359 755 1580 817 appellare
1611 756 1697 803 du-

292 830 546 875 bitaremus.
573 829 770 874 Viximus
803 829 923 873 enim
956 843 1117 889 magna
1152 829 1312 873 mentis
1346 827 1693 890 tranquillitate,

292 901 348 947 ab
371 902 492 947 omni
514 901 708 962 corporis
728 900 829 946 labe
851 900 1048 945 animum
1080 900 1376 956 vindicantes,
1401 909 1447 945 et
1468 915 1493 945 a
1522 899 1697 961 cupidi-

291 983 433 1019 tatum
450 973 619 1018 facibus
635 972 889 1033 longissime
905 971 1080 1028 remoti,
1098 969 1269 1028 dantes,
1291 980 1509 1033 quantum
1529 971 1699 1016 homini

290 1045 413 1102 licet,
439 1061 617 1106 operam
639 1044 827 1103 rationi,
849 1044 936 1089 hoc
963 1052 1050 1100 est,
1076 1042 1322 1089 secundum
1348 1043 1470 1089 illam
1503 1042 1699 1089 divinam

290 1127 462 1179 partem
481 1118 615 1162 animi
635 1118 849 1173 viventes,
870 1131 1007 1178 quam
1028 1116 1203 1161 beatam
1220 1117 1356 1162 vitam
1383 1131 1474 1161 esse
1494 1116 1699 1161 hesterna

289 1191 405 1235 inter
432 1205 511 1235 nos
544 1189 800 1235 definitione
834 1189 1068 1234 convenit:
1104 1198 1259 1250 atque,
1291 1198 1344 1233 ut
1371 1189 1552 1249 opinor,
1585 1187 1699 1232 nihil

290 1261 561 1318 invenimus,
588 1260 665 1306 sed
685 1259 997 1306 tantummodo
1029 1260 1311 1321 quaesivimus
1339 1261 1585 1305 veritatem.
1612 1263 1701 1305 Po-

293 1343 379 1379 test
399 1334 534 1394 igitur
554 1332 645 1378 sola
661 1332 946 1393 inquisitione
966 1332 1176 1387 veritatis,
1195 1332 1364 1377 etiamsi
1387 1347 1484 1377 eam
1504 1332 1701 1377 invenire

296 1406 478 1450 minime
497 1405 655 1467 possit,
678 1404 850 1449 homini
872 1403 1001 1448 beata
1023 1403 1113 1449 vita
1145 1403 1414 1463 contingere.
1439 1406 1552 1449 Nam
1588 1402 1700 1450 defi-

292 1477 401 1524 nitio
424 1487 501 1523 tua
521 1478 623 1523 vide
644 1485 810 1539 quanta
833 1475 1045 1522 facilitate
1067 1475 1326 1521 excludatur
1358 1476 1541 1521 notione
1573 1491 1698 1521 com-

292 1550 433 1596 muni.
474 1550 652 1596 Etenim
695 1564 838 1594 errare
872 1548 1020 1594 dixisti
1062 1563 1178 1604 esse,
1216 1563 1388 1609 semper
1423 1563 1622 1610 quaerere
1658 1556 1703 1593 et

292 1637 524 1684 nunquam
557 1621 768 1667 invenire.
806 1619 924 1674 Quid
954 1620 988 1664 si
1022 1619 1258 1681 quisquam
1295 1618 1406 1663 nihil
1441 1629 1633 1680 quaerat,
1658 1628 1703 1664 et

294 1695 614 1754 interrogatus,
652 1692 778 1739 verbi
826 1691 986 1751 gratia,
1026 1701 1285 1736 utrumnam
1323 1690 1457 1737 modo
1493 1690 1585 1736 dies
1623 1692 1699 1748 sit,

294 1777 459 1814 temere
480 1766 716 1827 statimque
734 1773 909 1810 noctem
929 1779 1020 1809 esse
1038 1764 1244 1825 opinetur
1261 1772 1392 1824 atque
1413 1763 1702 1824 respondeat?

293 1841 451 1886 Nonne
473 1837 555 1882 tibi
578 1835 755 1883 videtur
776 1837 954 1880 errare?
978 1837 1074 1880 Hoc
1103 1835 1237 1894 igitur
1274 1835 1431 1880 erroris
1464 1850 1600 1895 genus
1632 1834 1703 1880 vel

295 1910 679 1966 immanissimum,
705 1925 797 1954 non
829 1907 1056 1969 complexa
1078 1915 1144 1953 est
1166 1906 1365 1952 definitio
1395 1917 1486 1952 tua.
1528 1905 1646 1961 Quid
1667 1908 1702 1952 si

295 1985 427 2029 etiam
449 1999 540 2029 non
559 1991 752 2027 errantes
774 1981 1000 2042 complexa
1025 1989 1111 2037 est,
1139 1989 1368 2041 potest-ne
1389 1979 1587 2025 definitio
1609 1979 1702 2026 ulla

296 2071 387 2102 esse
418 2055 644 2101 vitiosior?
665 2055 776 2099 Nam
809 2053 843 2097 si
864 2052 962 2114 quis
995 2051 1307 2098 Alexandriam
1335 2060 1529 2113 quaerat,
1567 2061 1612 2097 et
1645 2052 1703 2096 ad

297 2143 393 2173 eam
415 2136 533 2172 recto
554 2134 710 2188 pergat
731 2124 902 2181 itinere,
923 2139 1015 2169 non
1039 2123 1196 2185 opinor
1217 2133 1342 2185 potes
1364 2139 1466 2168 eum
1483 2132 1698 2168 errantem

296 2215 466 2245 vocare.
503 2196 624 2253 Quid
654 2197 689 2242 si
722 2195 922 2242 eamdem
953 2195 1072 2241 viam
1102 2195 1230 2241 variis
1265 2193 1502 2255 impeditus
1536 2195 1697 2251 causis,

296 2269 429 2329 longo
452 2278 551 2330 agat
579 2278 800 2330 tempore,
832 2277 876 2312 et
897 2267 944 2311 in
965 2282 1015 2312 ea
1045 2275 1187 2311 morte
1207 2265 1526 2327 praeveniatur,
1552 2281 1701 2310 nonne

299 2351 343 2386 et
379 2356 550 2403 semper
587 2339 812 2402 quaesivit,
847 2348 891 2385 et
921 2354 1155 2402 nunquam
1191 2338 1390 2394 invenit,
1425 2352 1506 2383 nec
1544 2337 1701 2383 erravit

298 2414 477 2458 tamen?
498 2415 620 2468 Non,
645 2411 791 2473 inquit
807 2409 904 2468 ille,
931 2426 1101 2471 semper
1123 2409 1340 2472 quaesivit.

357 2485 462 2528 XII.
482 2486 617 2528 Recte
639 2482 769 2539 dicis,
795 2482 855 2527 ait
875 2482 1120 2538 Licentius,
1147 2490 1190 2525 et
1211 2480 1326 2525 bene
1343 2479 1566 2526 admones.
1590 2478 1701 2525 Inde

301 2557 420 2601 enim
451 2571 627 2617 prorsus
661 2553 773 2600 nihil
803 2555 859 2600 ad
893 2571 986 2600 rem
1015 2554 1208 2616 pertinet
1244 2553 1442 2599 definitio
1475 2563 1575 2598 tua:
1607 2568 1699 2597 non

302 2627 417 2672 enim
435 2641 514 2687 ego
537 2627 717 2673 beatum
735 2641 826 2673 esse
846 2625 952 2684 dixi,
971 2626 1050 2688 qui
1069 2640 1240 2687 semper
1259 2634 1430 2686 quaerat
1449 2624 1693 2670 veritatem.
