1888 3168
523 211 648 241 LiBEn
678 211 734 239 DE
767 208 1042 247 QUANTITATE
1076 208 1243 238 ANIMAE.
1481 200 1565 239 313

165 293 293 325 tuum
326 280 461 323 risum
497 277 784 336 comprimam
818 275 1026 335 suppetit.
1070 277 1144 320 Sin
1177 276 1337 322 multas
1370 286 1568 322 tantum-

163 350 298 396 modo
321 365 411 395 esse
429 349 592 403 dixero,
617 347 710 407 ipse
730 362 801 391 me
819 346 988 403 ridebo,
1006 347 1242 408 minusque
1264 364 1333 392 me
1349 350 1456 394 mihi
1479 349 1567 395 dis-

163 421 402 483 plicentem
435 435 568 481 quam
600 418 681 463 tibi
709 417 940 479 perferam.
979 419 1097 463 Audi
1130 435 1232 478 ergo
1267 419 1389 480 quod
1417 437 1468 465 ex
1496 437 1566 467 me

165 494 279 539 bene
297 503 339 538 te
362 491 512 538 audire
538 506 664 551 posse
686 489 897 551 polliceor
925 509 933 535 :
961 490 1082 551 quod
1109 506 1210 536 vero
1234 500 1310 536 aut
1329 492 1562 550 ambobus,

166 574 242 610 aut
263 563 386 609 alteri
403 571 603 607 nostrum
620 561 680 607 ita
701 577 935 607 onerosum
954 572 1033 617 est,
1060 572 1110 607 ut
1124 561 1308 607 fortasse
1327 563 1562 623 opprimat,

165 653 221 682 116
234 636 379 682 subire
396 644 472 680 aut
493 635 722 695 imponere
734 634 858 680 velis.
870 638 923 679 E.
939 634 1060 681 Cedo
1077 651 1272 696 prorsus,
1291 645 1333 680 et
1346 635 1469 696 quod
1486 636 1565 680 tibi

165 716 457 766 congruenter
484 723 659 752 mecum
688 707 863 752 videtur
895 707 964 768 agi
994 723 1141 768 posse,
1178 716 1396 769 quantum
1422 707 1564 753 valeat

167 779 324 836 anima,
351 788 547 840 expecto,
569 788 620 825 ut
642 794 847 840 exponas.

165 940 567 960 WUUWUWVVWVSWEWM

822 939 1037 957 WUUWVWWU
1040 939 1561 956 BVWWUWNVWWVMVWMWMW

618 1062 837 1115 CAPUT
881 1065 1125 1113 XXXIII.

169 1223 265 1272 Vis
283 1223 462 1271 animce
478 1226 527 1271 in
539 1241 757 1287 corpore,
780 1227 828 1271 in
841 1241 892 1271 se
910 1226 1035 1286 ipsa,
1051 1235 1097 1270 ec
1112 1222 1249 1285 apud
1262 1224 1439 1282 Deum,
1455 1240 1565 1285 sep-

226 1306 320 1341 tem
335 1297 437 1359 ejus
451 1296 803 1360 magnitudinis
818 1297 1005 1360 gradus
1024 1299 1284 1342 constituit.
1298 1325 1353 1331 —-
1370 1297 1567 1342 Primus

220 1367 408 1430 gradus
425 1368 619 1413 animoe.
636 1367 953 1414 -Secundus
970 1366 1156 1430 gradus
1169 1369 1364 1413 animoe.
1375 1394 1434 1402 —--
1448 1367 1568 1412 Ter-

224 1439 315 1483 tius
343 1437 531 1502 gradus
553 1441 747 1485 (minue.
773 1467 833 1476 --
862 1439 1080 1503 Quartus
1093 1439 1280 1503 gradus
1302 1441 1567 1485 anime.—

230 1512 440 1573 Quintus
459 1509 645 1574 gradus
669 1512 862 1557 animae.
879 1512 990 1559 —S
994 1522 1134 1558 extus
1154 1511 1341 1575 gradus
1369 1512 1561 1557 animm.

222 1608 279 1616 —-
300 1582 546 1643 Septimus
558 1581 747 1646 gradus
770 1584 963 1629 ccninzoe.

222 1724 359 1768 LXX,
397 1725 450 1768 A.
487 1724 525 1767 Ο
554 1723 726 1768 utinam
758 1722 1060 1768 doctissimum
1101 1723 1289 1784 aliquem
1307 1758 1318 1779 ,
1347 1738 1491 1783 neque
1515 1722 1560 1767 id

162 1803 353 1850 tantum,
376 1793 600 1839 sedetiam
623 1794 1048 1855 eloquentissimum,
1070 1804 1113 1839 et
1135 1795 1315 1839 omnino
1333 1795 1563 1854 sapientis-

161 1866 337 1922 simum,
358 1864 694 1927 perfectumque
716 1867 941 1911 hominem
961 1865 1016 1910 de
1037 1867 1122 1911 hoc
1145 1866 1275 1910 ambo
1297 1866 1566 1926 interrogare

161 1953 402 1998 possemus,
425 1953 620 1997 quonam
642 1937 716 1981 ille
733 1936 867 1982 modo
891 1937 1000 1998 quid
1024 1938 1166 1982 anima
1184 1938 1229 1981 in
1249 1954 1431 1998 corpore
1448 1938 1567 1982 vale-

162 2018 243 2064 ret,
270 2008 378 2070 quid
400 2008 446 2052 in
475 2024 519 2052 se
546 2008 660 2068 ipsa,
697 2007 807 2068 quid
829 2008 949 2068 apud
979 2012 1142 2064 Deum,
1177 2009 1248 2052 cui
1282 2008 1565 2054 mundissima

160 2079 357 2140 proxima
380 2088 499 2123 estet
521 2079 567 2122 in
590 2095 678 2139 quo
700 2079 836 2123 habet
852 2095 1074 2123 summum
1093 2088 1225 2140 atque
1244 2095 1374 2124 omne
1398 2080 1567 2125 bonum

162 2166 308 2206 suum,
334 2148 522 2194 (licendo
536 2166 584 2194 ac
608 2149 875 2210 disputando
894 2149 1143 2209 explicaret.
1162 2154 1290 2197 Nunc
1304 2161 1451 2196 autem
1465 2166 1567 2195 eum

162 2222 271 2266 mihi
294 2220 351 2266 ad
367 2222 480 2266 hanc
499 2236 593 2265 rem
605 2220 718 2265 desit
729 2220 855 2276 alius,
874 2220 1015 2265 audeo
1028 2231 1176 2266 tamen
1191 2223 1272 2266 tibi
1285 2239 1374 2267 non
1389 2222 1536 2267 deesse
1555 2242 1563 2267 ε

164 2293 240 2338 sed
262 2292 347 2336 hoc
367 2292 578 2337 mercedis
602 2302 680 2348 est,
707 2291 829 2353 quod
847 2291 953 2336 dum
967 2292 1074 2353 quid
1086 2292 1229 2338 valeat
1254 2293 1396 2338 anima
1411 2293 1566 2338 indoe-

164 2375 235 2410 tus
259 2363 463 2423 expedio,
490 2364 600 2425 quid
622 2364 712 2424 ipse
734 2363 903 2409 valeam
935 2379 1111 2409 securus
1154 2365 1366 2426 experior.
1407 2366 1567 2425 Impri-

166 2438 246 2479 mis
270 2445 419 2480 tamen
440 2436 521 2480 tibi
543 2446 770 2496 amputem
797 2436 1050 2484 latissimam
1083 2436 1321 2498 quamdam
1351 2446 1395 2481 et
1418 2437 1567 2481 infini-

165 2517 255 2553 tam
293 2508 654 2568 expectationem,
702 2524 757 2552 116
800 2523 869 2552 me
907 2508 962 2552 de
1004 2509 1124 2553 omni
1164 2510 1308 2554 anima
1342 2510 1567 2554 dicturum

167 2588 311 2640 putes,
334 2580 410 2626 sed
432 2589 606 2627 tantum
628 2579 683 2626 de
703 2581 913 2638 humana,
939 2597 1072 2641 quam
1096 2581 1232 2628 solam
1256 2597 1407 2628 curare
1430 2580 1565 2627 debe-
