1883 3194
321 199 375 240 54
772 213 805 240 s.
841 209 1071 243 mous-nm
1104 212 1285 242 triscori

319 276 396 323 sed
418 275 526 320 nihil
549 285 614 321 est
635 275 690 320 de
709 285 750 320 te
766 275 1106 337 desperandum.
1134 277 1215 323 Hie
1237 293 1339 323 cum
1362 293 1473 340 pene
1488 293 1639 325 omues
1656 277 1713 323 ab

319 349 562 394 intentione
589 347 896 409 disputationis
926 350 1089 395 remitti
1111 350 1157 396 in
1186 349 1399 409 lacrymas
1431 350 1714 411 coepissemus

319 419 550 466 obluctans
579 435 776 476 mecum,
800 430 846 466 et
877 421 949 469 vix
975 420 1276 480 mecolligens
1303 442 1314 470 ι
1339 425 1433 482 Age
1453 421 1626 483 potius,
1650 421 1715 466 in-

317 508 479 554 quam,
514 501 557 536 ct
589 491 636 536 in
663 491 776 537 vires
808 500 904 538 tuas
937 491 1053 549 redi,
1090 509 1199 554 quas
1232 502 1282 538 ut
1307 508 1564 554 congereres
1592 492 1714 540 unde

318 563 438 609 unde
468 578 640 624 posses,
683 572 893 624 patronus
930 563 1180 611 Academiae
1212 562 1415 621 futurus,
1449 564 1582 625 longe
1610 573 1714 610 ante

319 650 577 681 monueram
606 654 616 681 z
650 650 741 679 non
763 634 919 695 opinor
935 633 1058 692 ideo,
1084 644 1135 680 ut
1155 633 1289 681 modo
1321 644 1422 684 ante
1442 636 1598 681 tubam
1622 644 1713 680 tre-

316 721 414 752 mor
434 715 622 766 occupet
638 716 756 751 artus
773 728 785 764 3
810 715 887 751 aut
907 715 958 752 ut
979 706 1171 752 visendae
1190 705 1342 751 alienae
1359 722 1521 767 pugnae
1541 705 1714 752 deside-

314 779 401 834 rio,
432 787 522 822 tam
538 778 625 823 cito
648 787 691 822 te
713 786 836 839 optes
859 793 951 823 esse
973 778 1216 839 captivum.
1243 777 1325 824 Hic
1348 780 1382 823 T
1386 778 1579 839 rygetius
1597 813 1610 835 ‚
1635 777 1714 823 ubi

314 851 416 896 satis
455 849 642 896 attendit
669 851 762 912 jam
787 848 938 895 vultus
967 859 1137 896 nostros
1156 858 1407 899 serenatosz
1433 848 1599 905 Quidni
1635 849 1714 895 iste

316 932 470 983 optet,
496 923 664 984 inquit,
697 923 831 969 homo
863 931 955 967 tam
986 932 1186 980 sanctus,
1211 932 1263 968 ut
1292 923 1378 970 hoc
1404 922 1445 967 ei
1466 925 1582 968 Deus
1613 932 1715 967 ante

313 1003 416 1041 vota
437 994 726 1040 eoncesserit?
739 992 882 1040 Crede
889 994 998 1054 jam,
1016 992 1204 1053 Licenti3
1223 1008 1327 1039 nam
1350 992 1533 1055 quinon
1548 993 1718 1040 invenis

313 1066 422 1128 quid
450 1065 735 1127 respondeas,
761 1074 803 1111 et
827 1064 974 1110 adhuc
998 1075 1048 1110 ut
1069 1065 1251 1111 vincare
1273 1075 1397 1126 optas
1413 1100 1426 1122 ‚
1449 1080 1595 1125 parvae
1611 1063 1713 1110 fidei

317 1138 427 1183 mihi
449 1136 623 1183 videris.
640 1137 888 1183 Arrisimus.
908 1139 1021 1181 Tum
1038 1136 1261 1181 Licentius
1283 1155 1292 1189 3
1319 1139 1520 1197 Loquere
1536 1135 1716 1192 beatus,

319 1210 488 1270 inquit,
514 1224 606 1253 non
625 1207 892 1254 inveniendo
913 1223 1069 1253 verum
1083 1243 1094 1264 ‚
1115 1207 1192 1253 sed
1209 1216 1328 1253 certe
1341 1223 1433 1254 non
1454 1206 1713 1270 quaerendo-

370 1281 494 1328 XIX.
521 1282 620 1334 Qua
661 1277 881 1323 hilaritate
920 1276 1352 1325 adolescentulorum
1393 1292 1499 1326 cum
1525 1292 1718 1326 essemus

309 1351 520 1407 laetiores,
551 1348 767 1406 Attende‚
785 1348 970 1410 inquam
986 1384 998 1406 ‚
1022 1348 1295 1407 rogationem
1309 1383 1322 1406 ‚
1346 1355 1393 1394 et
1415 1347 1464 1393 in
1482 1347 1602 1394 viam
1623 1348 1717 1398 redi

310 1423 478 1470 firmior
493 1431 537 1468 et
548 1420 767 1468 valentior
780 1456 792 1478 ‚
812 1420 847 1466 si
863 1429 1004 1482 potes.
1024 1423 1095 1466 En
1111 1419 1267 1466 adsum
1280 1455 1293 1477 ‚
1308 1419 1478 1482 inquit,
1497 1428 1718 1482 quantum

306 1510 501 1558 possum.
526 1493 647 1549 Quid
667 1493 787 1540 enim
805 1492 841 1539 si
861 1491 937 1539 ille
954 1491 1101 1538 fratris
1124 1492 1213 1538 mei
1234 1492 1348 1538 visor
1366 1491 1485 1538 fama
1509 1486 1717 1554 comper-

307 1579 404 1616 tum
419 1567 582 1614 habeat
601 1582 705 1613 eum
726 1580 818 1612 esse
853 1565 1043 1612 similem
1074 1566 1210 1627 patris
1225 1601 1237 1623 ‚
1269 1574 1417 1627 potest
1436 1565 1617 1612 insanus
1639 1574 1719 1614 aut

306 1640 484 1702 ineptus
505 1655 595 1685 esse
611 1675 624 1696 ,
648 1639 683 1685 si
704 1637 871 1685 credit?
894 1636 1151 1684 Stultus-ne
1166 1673 1179 1695 ,
1203 1637 1413 1699 inquam,
1451 1635 1609 1683 saltem
1629 1636 1718 1685 dici

307 1714 482 1775 potest?
502 1714 603 1758 Non
622 1711 835 1757 continuo
851 1745 862 1767 ,
886 1710 1055 1771 inquit,
1072 1709 1154 1756 nisi
1165 1725 1211 1755 se
1230 1708 1276 1756 id
1288 1708 1399 1755 scire
1414 1707 1714 1757 contenderit.

307 1787 422 1831 Nam
442 1783 478 1828 si
504 1791 557 1827 ut
583 1780 814 1843 probabile
832 1780 1178 1842 sequiturssquod
1195 1781 1351 1827 crebra
1371 1779 1488 1827 fama
1504 1780 1712 1842 jactavit,

308 1854 475 1901 nullius
502 1851 761 1899 temeritatis
789 1851 915 1911 argui
942 1858 1102 1911 potest.
1136 1852 1250 1896 Tum
1282 1865 1365 1910 ego
1393 1853 1537 1897 :Rem
1575 1851 1716 1911 ipsam

309 1924 531 1988 paulisper
551 1921 880 1970 consideremus
895 1957 907 1978 ,
943 1929 990 1966 et
1014 1920 1140 1983 quasi
1164 1929 1267 1966 ante
1294 1919 1449 1967 oeulos
1471 1922 1716 1970 constitua-

307 2013 422 2044 mus.
446 1999 562 2042 Eece
588 1994 659 2041 fac
681 1992 810 2039 illum
830 1992 979 2039 nescio
998 2007 1133 2054 quem
1154 1991 1383 2038 hominem
1403 2008 1537 2055 quem
1553 1992 1716 2042 descri-

309 2069 457 2115 bimus
483 2082 575 2112 esse
596 2074 861 2127 praesentem
879 2084 889 2112 ε
913 2064 1094 2111 advenit
1110 2063 1316 2110 alicunde
1335 2063 1473 2110 frater
1491 2074 1596 2110 tuus
1616 2083 1626 2110 ε
1650 2065 1714 2111 ibi

311 2142 409 2187 iste:
433 2140 571 2201 Cujus
596 2138 672 2184 hic
690 2153 802 2199 puer
819 2136 965 2182 filius?
988 2135 1328 2198 Respondeturz
1354 2135 1595 2197 Cujusdam
1617 2139 1712 2182 Ro-

310 2212 521 2258 maniani.
542 2214 601 2257 At
617 2210 689 2256 hic
711 2229 720 2255 :
745 2212 890 2263 Quam
908 2209 1023 2270 patri
1045 2208 1198 2254 similis
1218 2218 1299 2265 est,
1320 2224 1454 2270 quam
1471 2207 1529 2253 ad
1544 2223 1615 2254 me
1626 2209 1713 2255 hoc

311 2300 403 2330 non
418 2293 584 2329 temere
603 2282 721 2327 fama
741 2280 978 2327 detulerat.
1005 2280 1088 2326 Hic
1112 2290 1162 2325 tu
1175 2316 1186 2338 ,
1208 2278 1281 2326 vel
1302 2281 1399 2341 quis
1420 2279 1532 2326 alius
1550 2300 1560 2327 z
1586 2280 1711 2327 Nosti

310 2356 429 2401 enim
452 2354 776 2400 Romanianum
793 2389 805 2410 ,
838 2353 955 2399 bone
975 2353 1142 2399 homo?
1161 2354 1261 2398 Non
1281 2351 1384 2397 novi
1397 2386 1410 2408 ‚
1434 2351 1602 2413 inquit:
1638 2361 1707 2398 ta-

309 2442 413 2472 men
429 2425 579 2471 similis
602 2427 694 2487 ejus
716 2425 827 2470 mihi
840 2424 1029 2469 videtur.
1057 2423 1302 2469 Poterit-ne
1324 2423 1558 2486 quisquam
1575 2422 1711 2468 risum

309 2500 492 2544 tenere?
511 2496 645 2544 Nullo
668 2496 818 2553 modo,
843 2496 1005 2559 inquit.
1034 2499 1168 2556 Ergo,
1187 2495 1369 2558 inquam
1385 2529 1397 2551 ‚
1422 2493 1531 2557 quid
1547 2510 1709 2556 sequa-

309 2579 383 2616 tur
408 2570 543 2618 vides.
579 2568 874 2626 Jamdudum,
901 2568 1067 2631 inquit,
1101 2567 1246 2616 video.
1279 2566 1367 2615 Sed
1406 2576 1554 2615 tamen
1579 2566 1707 2613 istam
