1888 3168
343 185 424 223 476
774 198 805 223 s.
843 194 1073 224 At'ceszrrm
1108 197 1289 224 prscom

341 273 543 321 teponere
566 271 737 321 oportet
756 263 814 306 eis
837 279 945 323 quos
969 264 1135 321 agimus
1151 299 1161 319 7
1183 279 1272 308 non
1296 263 1340 307 in
1362 278 1566 323 corpore,
1590 264 1727 308 sedin

337 336 476 378 anima
505 356 512 379 ε
554 337 728 395 utrique
763 336 878 380 enim
911 346 1200 396 praetereunt,
1242 335 1313 380 alii
1346 336 1610 394 cessatione3
1655 335 1727 380 alii

336 404 572 450 oblivione.
603 405 686 451 Sed
705 406 766 450 illi
782 423 891 467 quos
911 422 1143 467 operamur
1159 442 1169 462 ,
1195 407 1326 451 etiam
1343 405 1542 451 nondum
1565 421 1726 451 cessan-

335 477 452 521 tibus
475 477 600 521 nobis
623 478 890 522 successione
911 478 1185 539 sequentium
1204 476 1408 522 videntur
1426 476 1602 532 auferri,
1620 476 1725 521 dum

335 548 460 607 primi
484 547 700 603 secundis,
719 559 753 591 et
780 548 957 593 secundi
975 549 1109 593 tertiis
1127 584 1138 603 ⁷
1155 557 1285 608 atque
1307 548 1366 592 ita
1385 547 1590 608 deinceps
1612 548 1728 608 prio-

332 634 396 662 res
425 620 732 678 posterioribus
761 619 1066 679 praetereundo
1100 618 1350 664 concedunt
1384 619 1554 673 locum,
1582 618 1724 664 donec

331 689 506 735 ultimos
528 692 713 751 perimat
734 691 824 750 ipsa
842 691 1036 736 cessatio.
1059 689 1291 735 Oblivione
1308 689 1571 750 veroplures
1593 689 1723 734 simul

330 763 530 817 numeri,
566 763 762 823 quamvis
793 762 1004 823 paulatim
1038 763 1347 820 absterguntur
1372 781 1380 806 ε
1415 777 1517 806 nam
1542 776 1621 806 nec
1642 761 1723 821 ipsi

332 832 587 894 aliquandiu
628 842 807 878 manent
846 834 1019 892 integri.
1065 832 1194 886 Quod
1235 833 1351 877 enim
1385 841 1484 892 post
1527 847 1692 876 annum
1709 867 1720 887 ‚

328 904 448 947 verbi
473 904 624 963 gratia,
641 904 686 948 in
709 904 916 949 memoria
938 920 1029 949 non
1050 903 1290 959 invenitur,
1317 903 1447 947 etiam
1467 912 1566 962 post
1582 917 1724 946 unum

327 973 442 1018 diem
459 975 550 1035 jam
572 975 715 1020 minus
733 984 818 1020 est:
843 976 920 1020 sed
941 991 1030 1020 non
1053 975 1238 1020 sentitur
1254 975 1334 1019 ista
1352 973 1587 1018 diminutio
1607 988 1724 1018 :non

326 1053 473 1090 tamen
495 1044 603 1090 salso
625 1061 674 1090 ex
688 1061 739 1091 eo
758 1046 1004 1107 conjicitur⁷
1021 1046 1124 1107 quia
1142 1061 1232 1090 non
1253 1045 1407 1106 utique
1428 1044 1571 1105 pridie
1588 1059 1722 1105 quam

325 1116 596 1176 compleatur
625 1133 789 1172 annus,
814 1127 994 1177 repente
1016 1126 1159 1161 totum
1189 1116 1331 1162 evolat
1352 1135 1360 1161 :
1396 1114 1514 1160 unde
1536 1113 1722 1173 intelligi

323 1186 454 1230 datur
482 1188 536 1231 ab
571 1187 646 1232 1110
680 1197 898 1248 tempore,
932 1204 1020 1249 quo
1043 1188 1228 1232 inhaeret
1256 1187 1505 1242 memoriae,
1531 1186 1722 1245 incipere

323 1257 427 1301 labi.
456 1259 568 1303 Hinc
591 1268 654 1303 est
676 1259 787 1303 illud
809 1260 931 1320 quod
968 1259 1230 1320 plerumque
1269 1258 1476 1302 dicimus:
1516 1256 1722 1301 Tenuiter

323 1329 522 1385 memini,
539 1345 639 1374 cum
664 1329 831 1391 aliquid
854 1339 951 1390 post
974 1339 1145 1389 tempus
1168 1327 1440 1374 recordando
1464 1327 1719 1387 repetimus,

323 1409 560 1460 antequam
589 1400 718 1461 plane
748 1410 890 1445 totum
935 1400 1118 1445 excidat.
1171 1403 1446 1459 Quapropter
1483 1407 1722 1458 utrumque

322 1471 406 1514 hoc
432 1486 718 1514 numerorum
741 1487 877 1529 genus
898 1471 1082 1515 mortale
1113 1480 1190 1515 est.
1217 1473 1534 1513 Verumtamen
1555 1467 1722 1513 facien-

321 1550 384 1585 tes
407 1541 530 1585 factis
539 1543 639 1601 jure
662 1551 1008 1600 anteponuntur.
1036 1545 1088 1586 D.
1115 1541 1294 1599 Accipio
1317 1549 1361 1583 et
1382 1539 1540 1599 probo.
1638 1597 1645 1601 ῃ

381 1614 479 1655 Vll.
498 1615 559 1656 M.
578 1614 675 1655 Jam
698 1626 802 1670 ergo
818 1611 901 1655 tria
923 1610 1090 1670 reliqua
1107 1611 1294 1664 intuere,
1308 1618 1351 1652 et
1365 1623 1521 1653 eorum
1542 1625 1721 1670 quoque

320 1681 441 1742 quod
482 1682 535 1726 sit
576 1681 794 1741 optimum
838 1690 882 1726 et
927 1682 1091 1725 caeteris
1123 1679 1448 1740 praeferendum
1462 1715 1473 1734 ‚
1517 1679 1716 1724 edissere.

323 1756 373 1796 1).
397 1755 495 1797 Non
513 1762 576 1796 est
597 1753 681 1796 1100
700 1751 840 1796 facile.
862 1754 972 1796 Nam
995 1750 1128 1795 exilla
1146 1749 1315 1809 regula,
1332 1766 1418 1810 qua
1428 1749 1721 1795 factisfacien-

320 1832 383 1867 tes
407 1832 579 1882 oportet
607 1821 823 1866 anteferre
839 1859 849 1877 ,
871 1838 1004 1881 cogor
1026 1821 1282 1866 sonantibus
1305 1821 1496 1865 numeris
1528 1821 1719 1881 palmam

319 1893 422 1937 dare
450 1914 458 1938 ε
484 1894 562 1937 1105
580 1893 696 1937 enim
719 1894 929 1937 sentimus
945 1893 1187 1947 audientes,
1209 1901 1251 1936 et
1275 1908 1375 1936 cum
1396 1893 1475 1936 hos
1491 1893 1715 1947 sentimus,

320 1966 398 2009 1105
416 1965 623 2025 patimur.
646 1965 701 2008 Hi
724 1980 827 2024 ergo
852 1964 1019 2009 faciunt
1041 1980 1112 2008 005
1134 1965 1211 2024 qui
1233 1973 1335 2008 sunt
1356 1964 1403 2007 in
1425 1964 1595 2008 aurium
1616 1979 1718 2024 pas-

319 2037 428 2080 sioni
457 2053 557 2080 cum
591 2037 791 2081 audimus
820 2057 827 2081 :
852 2038 1063 2081 hiantem
1085 2052 1232 2080 rursus
1261 2052 1370 2097 quos
1393 2035 1621 2081 sentiendo
1639 2037 1718 2080 ha-

318 2108 488 2162 110111115,
516 2107 683 2151 faciunt
715 2107 819 2151 alios
840 2107 886 2151 in
907 2107 1138 2162 memoria,
1165 2107 1325 2167 quibus
1348 2123 1371 2151 a
1392 2122 1436 2150 sc
1459 2106 1582 2150 factis
1601 2115 1716 2151 recte

319 2168 632 2237 pist-feruntur.
663 2178 747 2223 Sed
769 2179 839 2222 1110
862 2179 966 2239 quia
990 2188 1033 2222 et
1055 2178 1213 2222 sentire
1236 2188 1279 2221 et
1299 2179 1542 2221 meminisse
1560 2178 1716 2221 animae

320 2259 399 2304 est,
428 2239 517 2293 11011
535 2265 727 2304 moveor,
750 2249 782 2292 51
802 2248 969 2309 aliquid
992 2248 1114 2309 quod
1135 2249 1180 2291 in
1204 2248 1347 2292 anima
1367 2249 1430 2303 fit,
1448 2247 1577 2291 alicui
1597 2248 1717 2308 quod

318 2322 424 2365 item
447 2322 491 2364 in
515 2338 564 2365 ea
589 2322 639 2365 fit
660 2330 941 2380 anteponam.
966 2319 1081 2364 Illud
1105 2335 1174 2364 me
1205 2320 1466 2374 conturbat,
1491 2318 1715 2380 quomodo

319 2401 517 2435 sonantes
558 2392 756 2447 numeri,
792 2392 868 2451 qui
901 2400 1016 2435 certe
1049 2391 1244 2450 corporei
1276 2400 1399 2446 sunt‚
1433 2389 1502 2434 vel
1534 2406 1714 2451 quoquo

317 2462 450 2506 modo
473 2463 517 2505 111
540 2478 736 2523 corpore,
765 2462 897 2521 magis
916 2460 1125 2505 laudandi
1139 2461 1223 2504 sint
1237 2477 1369 2521 quam
1392 2460 1469 2516 illi,
1494 2461 1586 2521 qui,
1611 2476 1712 2504 011111

316 2533 539 2583 sentimum
562 2534 606 2578 in
629 2533 768 2577 anima
793 2548 881 2576 esse
904 2532 1196 2591 reperiuntur.
1222 2531 1305 2577 Sed
1318 2547 1464 2577 rursus
1477 2531 1711 2576 conturbat
