1888 3168
297 178 377 216 1124
733 188 765 215 S·
803 189 1033 219 Arcusrrnvt
1067 193 1248 220 Emscorr

292 270 435 299 rosum
469 253 647 314 quidem
670 263 733 298 est
753 255 875 315 quod
896 257 1104 317 imponis,
1141 268 1205 303 est
1236 269 1379 303 13111611
1411 276 1553 320 operae
1577 276 1679 322 prc-

293 327 415 370 1111111.
444 324 529 370 Sed
550 325 729 370 memini
752 342 830 372 nos
854 328 987 388 paulo
1010 339 1111 374 ante
1132 331 1223 390 jam
1245 331 1490 391 pervenisse
1513 332 1568 376 ad
1582 349 1679 393 sep-

292 397 486 456 tuaginta
509 406 674 457 septem
687 408 823 443 metra
839 415 861 442 a
878 400 1130 459 pyrrhichio
1149 417 1288 462 usque
1308 401 1364 446 ad
1386 402 1676 460 tribrachum,

287 484 389 514 611111
410 468 474 513 1111
497 469 699 514 binarum
723 469 990 528 syllabarum
1009 471 1141 532 pedes
1163 472 1499 534 quatuordecim
1521 473 1679 534 singuli

286 549 511 596 crearent,
538 557 638 601 quae
659 542 772 585 fiunt
807 540 937 586 simul
974 543 1292 605 quinquaginta
1315 554 1358 590 61
1389 560 1474 589 sex.
1503 545 1680 591 Tribra-

287 612 394 657 chus
418 620 565 656 autem
587 612 741 671 viginti
764 628 925 669 unum,
961 623 1141 675 propter
1164 616 1382 675 geminam
1405 615 1677 661 divisionem.
1726 666 1729 667 ⁷

288 683 365 728 His
382 684 514 743 igitur
546 683 820 744 septuaginta
845 693 888 729 et
921 694 1088 745 septem
1112 685 1313 732 addimus
1347 686 1683 748 quatuordecim

286 754 466 814 dactyli,
483 765 527 800 et
549 755 754 815 anapaesti
777 755 985 801 totidem:
1006 755 1125 817 pleni
1147 757 1264 801 enim
1286 757 1319 802 si
1336 756 1538 803 locentur
1557 757 1682 803 nullo

286 826 485 883 silentio,
507 826 740 886 incipiente
757 836 898 872 metro
920 843 944 871 a
966 825 1139 873 duobus
1162 843 1302 889 usque
1324 827 1380 874 ad
1401 838 1500 875 0610
1522 829 1679 890 pedes,

286 908 465 959 septena
483 898 663 958 pariunt
684 917 692 942 ε
718 896 877 942 additis
904 913 1008 943 vero
1037 899 1329 960 semipedibus
1351 916 1455 945 cum
1486 899 1679 957 silentio,

287 970 526 1030 incipiente
548 978 687 1013 metro
725 968 780 1013 ab
804 985 895 1014 uno
919 969 1055 1029 pede,
1086 980 1130 1015 et
1156 970 1375 1032 semipede
1402 971 1685 1032 perveniente

285 1040 340 1085 ad
354 1050 520 1101 septem
537 1041 664 1086 semis
685 1059 693 1085 2
713 1038 796 1085 alia
814 1049 992 1101 septena
1010 1060 1018 1086 :
1041 1050 1085 1086 et
1098 1041 1213 1087 fiunt
1230 1042 1322 1104 jam
1339 1041 1484 1087 omnia
1505 1051 1684 1087 centum

282 1121 326 1156 et
348 1111 564 1173 quinque.
590 1111 801 1156 Bacchius
831 1126 935 1156 vero
957 1127 1048 1157 non
1074 1121 1218 1173 potest
1248 1122 1441 1158 metrum
1463 1129 1593 1158 suum
1628 1111 1686 1160 ad

285 1192 384 1228 octo
406 1183 538 1243 pedes
556 1182 795 1244 perducere
812 1218 823 1238 ,
850 1198 904 1226 ne
922 1182 1100 1242 triginta
1127 1183 1216 1229 duo
1241 1193 1440 1245 tempora
1462 1193 1654 1229 transeat
1669 1219 1681 1239 ,

287 1269 432 1315 neque
450 1255 683 1316 quisquam
706 1254 894 1315 quinum
916 1263 1165 1314 temporum
1188 1271 1263 1316 pes
1281 1277 1292 1315 3
1317 1255 1393 1301 sed
1414 1264 1597 1316 possunt
1614 1254 1684 1300 isti

287 1342 426 1388 usque
456 1326 510 1371 ad
547 1342 618 1371 sex
638 1325 881 1386 pervenire.
913 1325 1125 1370 Bacchius
1156 1342 1257 1386 ergo
1281 1337 1325 1372 et
1346 1327 1423 1388 qui
1445 1327 1483 1370 ei
1499 1341 1578 1386 par
1595 1334 1681 1381 est,

288 1414 380 1442 non
407 1398 541 1443 modo
564 1397 858 1457 temporibus,
893 1398 969 1441 sed
991 1397 1121 1441 etiam
1141 1396 1353 1443 divisione
1375 1413 1505 1458 paeon
1526 1412 1685 1443 seeun-

288 1469 369 1514 dus
393 1485 416 1513 a
439 1468 612 1514 duobus
625 1468 810 1529 pedibus
826 1484 965 1529 usque
986 1467 1041 1512 ad
1062 1483 1134 1512 sex
1150 1470 1434 1529 procedentes
1447 1484 1549 1513 cum
1571 1469 1686 1512 inte-

288 1540 352 1599 gri
391 1540 651 1584 ordinantur
679 1539 770 1583 sine
805 1539 976 1583 silentio
993 1574 1004 1594 ,
1031 1539 1165 1598 quina
1195 1549 1332 1584 metra
1354 1540 1557 1600 pariunt:
1583 1554 1685 1584 cum

289 1611 460 1655 silentio
494 1620 641 1654 autem
668 1610 924 1670 incipientes
950 1610 1005 1653 ab
1026 1625 1116 1654 uno
1139 1610 1381 1670 semipede,
1408 1619 1451 1654 61
1475 1607 1531 1654 ad
1552 1610 1685 1670 quin-

289 1699 376 1743 que
408 1681 646 1742 semipedes
668 1682 993 1741 pervenientes,
1019 1680 1101 1725 alia
1132 1681 1266 1741 quina
1303 1696 1405 1725 cum
1434 1696 1522 1725 una
1553 1680 1685 1740 longa

287 1763 386 1814 post
420 1769 491 1798 eos
522 1753 717 1812 ponitur,
759 1761 802 1796 ct
839 1753 943 1796 item
976 1754 1111 1813 quina
1141 1767 1241 1796 cum
1276 1752 1418 1797 brevis
1455 1761 1499 1796 et
1519 1751 1681 1811 longa:

289 1824 510 1887 quindena
528 1824 661 1883 igitur
683 1833 852 1879 creant,
878 1839 977 1884 quae
1000 1823 1046 1866 in
1067 1838 1284 1867 summam
1314 1822 1489 1867 redacta
1506 1823 1685 1882 triginta

289 1906 414 1952 sunt,
445 1905 488 1939 et
516 1896 628 1938 fiunt
646 1896 735 1955 jam
755 1904 893 1939 metra
916 1894 1062 1939 onmia
1082 1903 1260 1939 centum
1289 1903 1333 1938 et
1348 1894 1527 1953 triginta
1550 1894 1684 1954 quin-

289 1984 390 2029 que.
433 1966 629 2011 Creticus
660 1980 786 2021 vero,
827 1975 871 2010 61
897 1965 974 2026 qui
1006 1964 1168 2025 pariter
1196 1963 1477 2019 dividuntur,
1512 1978 1685 2023 paeones

288 2039 455 2099 primus
475 2046 517 2081 et
540 2045 721 2097 quartus
738 2072 748 2091 ,
774 2036 984 2096 quoniam
1002 2045 1101 2096 post
1123 2033 1220 2079 illos
1250 2044 1294 2080 et
1319 2049 1454 2078 unam
1478 2032 1655 2093 longam
1671 2070 1681 2090 ,

291 2119 334 2154 61
351 2108 568 2163 iambum,
595 2116 638 2151 et
660 2107 905 2167 spondeum
920 2142 930 2162 ,
959 2115 1002 2151 et
1019 2115 1288 2166 anapaestum
1306 2105 1409 2150 licet
1430 2120 1611 2165 ponere,
1631 2104 1686 2149 ad

290 2180 566 2241 septuaginta
593 2179 788 2239 quinque
810 2178 1074 2239 perveniunt
1093 2196 1101 2222 :
1125 2192 1228 2221 cum
1248 2177 1365 2220 enim
1386 2185 1471 2220 tres
1494 2176 1580 2220 sint
1605 2192 1685 2236 pe-

289 2252 386 2307 des,
414 2251 546 2312 quina
569 2259 717 2295 creant
745 2250 836 2294 sine
873 2249 1068 2303 silentio,
1107 2263 1209 2293 cum
1246 2246 1418 2292 silentio
1452 2256 1600 2292 autem
1619 2247 1686 2292 vi-

292 2324 427 2384 giuti,
463 2339 562 2383 quse
586 2322 714 2366 simul
742 2324 758 2380 (
772 2331 821 2366 111
843 2320 1010 2365 1116111111
1038 2322 1125 2379 651)
1146 2321 1260 2364 1111111
1297 2319 1495 2380 quinque
1517 2328 1561 2363 et
1587 2334 1684 2379 sep-

291 2396 489 2454 tuaginta
507 2431 516 2450 ,
559 2394 718 2455 quibus
763 2392 918 2437 additis
956 2391 1166 2452 superiori
1199 2406 1380 2435 summae
1401 2426 1411 2446 ,
1456 2389 1610 2434 decem
1641 2399 1685 2434 et

288 2466 478 2509 ducenta
499 2463 792 2524 complentur.
826 2461 1171 2507 Palimbacchius
1212 2470 1255 2505 et
1287 2461 1364 2522 qui
1403 2460 1442 2504 ei
1473 2459 1684 2505 divisione

288 2536 523 2580 coneordat
547 2535 696 2579 tertius
716 2550 840 2593 paeon
858 2569 867 2580 .
900 2533 1033 2593 quina
1057 2531 1233 2592 pariunt
1256 2531 1411 2590 integri
1430 2531 1521 2574 sine
1548 2529 1681 2574 silen-
