1888 3168
508 198 635 226 nemi
666 198 721 225 DE
754 193 1032 235 QUANT1TATE
1066 194 1231 223 AMMAE.
1487 185 1567 223 251

170 267 222 310 E.
249 266 393 319 Quam
414 263 531 308 dicas
554 262 856 318 altitudinem,
883 277 974 306 non
1001 260 1216 320 intelligo.
1243 264 1296 306 A.
1325 260 1451 306 Illam
1474 260 1573 307 dico

168 353 257 399 qua
280 336 470 382 efficitur
500 345 552 380 ut
578 335 787 380 interiora
813 333 1006 395 corporis
1041 334 1316 392 cogitentur,
1343 343 1419 378 aut
1441 334 1573 378 etiam

170 410 431 464 sentiantur,
457 408 492 453 si
519 407 719 469 perlucet
738 417 789 453 ut
811 408 1003 465 vitrum,
1027 420 1287 468 quanquam
1318 406 1351 450 si
1380 406 1465 451 hoc
1496 405 1576 450 de-

168 498 260 528 mas
283 480 561 542 corporibus,
588 490 808 542 quantum
842 496 940 525 mea
968 479 1118 540 opinio
1140 487 1227 533 est,
1250 493 1395 539 neque
1425 479 1575 522 sentiri

169 562 367 616 possunt,
384 568 529 613 neque
547 553 727 598 omnino
749 568 932 614 corpora
951 567 1040 597 esse
1058 559 1175 596 recte
1197 549 1455 595 existimari:
1471 550 1575 595 hinc

169 626 277 671 mihi
291 624 392 671 volo
416 625 583 686 aperias
605 625 715 687 quid
736 634 787 670 tu
814 624 988 670 sentias.
1014 626 1067 668 E.
1094 626 1276 668 Prorsus
1303 638 1393 666 non
1417 621 1575 667 dubito

169 714 353 760 corpora
370 697 517 743 omnia
534 697 600 742 his
629 712 776 743 carere
799 713 890 743 non
911 712 1052 758 posse.
1079 698 1131 741 A.
1154 694 1296 751 Quid,
1317 694 1430 739 illud
1451 703 1576 755 potes

169 771 382 830 cogitare,
405 769 488 815 ista
504 769 587 814 tria
604 785 694 822 non
715 784 806 814 esse
822 769 905 814 nisi
922 768 969 814 in
987 767 1280 829 corporibus?
1302 769 1355 812 E.
1385 768 1485 812 Non
1506 766 1576 810 in-

170 841 321 902 teHigo
337 841 564 903 quomodo
595 840 701 885 alibi
730 856 820 886 esse
841 849 1031 901 possent.
1057 842 1111 885 A.
1137 841 1254 898 Ergo
1274 838 1466 883 animam
1483 853 1575 882 non

169 922 297 975 putas
319 929 412 958 esse
430 911 551 957 aliud
573 928 707 974 quam
725 913 912 973 corpus?
929 913 982 956 E.
1000 911 1044 956 Si
1061 910 1193 955 etiam
1211 918 1396 956 ventum
1414 924 1574 970 corpus

171 1001 259 1032 esse
270 985 549 1042 confitemur,
565 1001 726 1045 negare
744 1001 836 1030 non
859 999 1040 1045 possum
1061 998 1220 1044 corpus
1245 981 1360 1026 mihi
1381 980 1575 1026 animam

169 1057 332 1106 videri:
357 1072 460 1102 nam
483 1056 570 1102 tale
593 1056 762 1118 aliquid
783 1072 880 1101 eam
903 1071 993 1102 0550
1015 1055 1178 1115 cogito.
1202 1057 1256 1099 Α.
1282 1056 1453 1114 Corpus
1473 1052 1576 1114 qui-

169 1129 272 1176 dem
288 1138 473 1175 ventum
495 1144 586 1174 0550
608 1138 698 1174 13111
723 1125 935 1183 concedo,
961 1143 1096 1189 quam
1115 1126 1149 1171 si
1171 1141 1243 1171 me
1267 1124 1322 1170 de
1345 1125 1487 1170 fluctu
1507 1124 1578 1168 in-

171 1212 424 1261 terrogares.
445 1203 558 1247 Nam
575 1200 687 1245 nihil
703 1199 824 1245 aliud
841 1216 974 1261 quam
989 1200 1125 1244 istum
1145 1201 1292 1243 aerem
1305 1206 1578 1242 commotum

170 1289 219 1318 ac
232 1273 448 1333 agitatum
466 1281 652 1318 ventum
667 1287 757 1316 esse
778 1272 990 1316 sentimus
1008 1291 1018 1328 3
1037 1268 1160 1331 quod
1182 1269 1229 1313 in
1246 1262 1354 1313 1000
1366 1266 1580 1328 tranquil-

168 1344 348 1400 lissimo,
364 1353 408 1390 et
422 1343 699 1389 abomnibus
719 1342 860 1388 ventis
879 1341 1150 1403 quietissimo
1170 1338 1241 1384 vel
1259 1339 1381 1384 brevi
1400 1337 1578 1383 flabello

170 1416 404 1477 approbari
442 1424 610 1476 potest,
650 1431 740 1476 quo
784 1414 915 1459 etiam
953 1429 1125 1459 muscas
1162 1412 1390 1472 abigentes
1434 1414 1580 1456 aerem

168 1502 514 1543 commovemus,
540 1486 786 1547 flatumque
820 1484 1049 1530 sentimus.
1084 1484 1218 1538 Quod
1246 1499 1349 1529 cum
1383 1483 1580 1530 evenerit

168 1558 408 1605 occultiore
429 1556 626 1620 quodam
657 1566 785 1603 motu
812 1556 1060 1602 coelestium
1079 1555 1153 1602 vel
1172 1565 1451 1600 terrenorum
1477 1571 1579 1600 cor-

169 1646 330 1692 porum
351 1645 429 1691 per
459 1645 673 1688 magnum
701 1629 895 1690 spatium
912 1627 1093 1683 mundi,
1113 1637 1273 1677 ventus
1294 1636 1502 1683 vocatur,
1529 1643 1580 1672 ex

172 1702 350 1748 diversis
369 1702 568 1762 partibus
590 1699 693 1744 coeli
721 1699 901 1744 nomina
929 1698 1060 1743 etiam
1088 1697 1260 1744 diversa
1287 1699 1496 1744 sortitus:
1523 1715 1580 1743 an

172 1774 255 1819 tibi
283 1773 408 1819 aliter
432 1772 638 1818 videtur?
661 1774 713 1816 E.
735 1771 844 1817 Mihi
865 1786 968 1816 vero
999 1769 1133 1826 nihil,
1163 1780 1207 1815 et
1229 1769 1459 1831 probabile
1489 1785 1579 1816 esse

173 1845 340 1905 accipio
366 1842 491 1906 quod
511 1841 644 1888 dicis:
671 1841 748 1888 sed
775 1857 854 1901 ego
878 1842 1070 1886 animam
1092 1857 1184 1886 non
1205 1841 1347 1902 ipsum
1369 1850 1576 1898 ventum,

172 1916 248 1963 sed
269 1916 356 1962 tale
375 1914 542 1977 aliquid
559 1931 649 1960 esse
667 1914 768 1959 dixi.
789 1917 842 1959 A.
870 1914 947 1959 Dic
969 1913 1079 1958 mihi
1096 1913 1217 1975 prius
1230 1949 1241 1970 ,
1262 1924 1414 1959 utrum
1433 1913 1579 1974 ipsum

172 1997 379 2043 ventum,
400 1988 526 2049 cujus
549 1986 819 2031 mentionem
842 1984 1004 2042 fecisti,
1025 1985 1189 2031 habere
1211 1984 1404 2047 aliquam
1431 1985 1579 2045 longi-

173 2058 392 2116 tudinem,
412 2057 693 2104 latitudjnem
713 2067 757 2102 et
774 2056 1054 2102 altitudinem
1071 2057 1246 2102 sentias.
1274 2055 1441 2102 Deinde
1462 2055 1579 2101 vide-

174 2132 322 2178 bimus
339 2141 491 2177 utrum
522 2130 609 2177 tale
631 2129 803 2192 aliquid
831 2130 975 2175 anima
997 2130 1073 2187 sit,
1099 2139 1151 2176 ut
1170 2130 1256 2176 hoe
1284 2128 1418 2175 modo
1447 2129 1579 2173 etiam

175 2213 341 2266 quanta
358 2204 412 2249 sit
432 2203 691 2262 investigare
709 2201 941 2263 possimus.
964 2204 1017 2247 E.
1044 2200 1164 2256 Quid
1183 2201 1268 2246 1100
1286 2204 1383 2265 aere
1405 2199 1580 2260 longius

177 2285 222 2320 et
241 2275 371 2320 latius
393 2285 437 2320 et
457 2275 586 2321 altius
602 2273 729 2320 facile
745 2273 933 2319 inveniri
954 2282 1114 2334 potest,
1138 2288 1272 2334 quem
1287 2281 1575 2327 commotum,

179 2356 365 2392 ventum
381 2362 471 2392 esse
492 2363 613 2393 nunc
634 2346 713 2392 abs
730 2355 774 2391 10
791 2344 899 2391 1111111
913 2360 1169 2406 persuasum
1187 2353 1266 2390 est.
