1888 3168
222 259 305 296 518
647 266 680 294 s.
717 265 949 295 Auousnm
981 268 1163 296 Emscom

222 343 370 378 autem
391 334 454 378 vis
476 331 682 379 decenter
703 332 749 377 in
773 334 1004 395 Scripturis
1018 349 1174 378 manus
1186 334 1363 378 nomine
1376 334 1608 394 significari

217 406 341 450 solet.
367 405 452 458 Qui
473 420 604 466 porro
635 405 750 450 hanc
780 406 869 451 vim
895 406 976 450 nisi
1010 415 1257 465 peccatores
1295 415 1510 451 conantur
1545 407 1610 450 in-

215 478 363 530 ferre?
380 476 512 531 Quod
532 486 639 521 tunc
658 492 735 537 per
752 476 941 537 idipsum
954 478 1253 521 communitur
1270 478 1429 534 anima,
1449 487 1494 522 et
1510 492 1609 523 cus—

218 549 386 593 toditur
408 549 683 594 firmamento
700 549 793 604 Dei,
820 558 869 592 ut
886 549 970 593 hoc
988 547 1052 592 illi
1073 547 1198 594 nullo
1220 548 1353 594 modo
1368 549 1610 594 undecum-

215 637 302 680 que
327 620 464 680 possit
481 619 694 675 accidere,
714 620 957 680 potentiam
979 620 1216 680 quamdam
1240 620 1456 677 stabilem,
1477 630 1536 677 et,
1559 630 1610 666 ut

215 692 274 736 ita
293 691 452 747 dicam,
467 691 777 752 impassibilem
795 691 919 750 gerit,
936 707 1052 752 quae,
1069 692 1150 737 nisi
1167 692 1276 753 quid
1293 693 1374 738 tibi
1388 692 1604 753 displicet,

216 773 333 809 recte
354 762 568 808 fortitudo
597 763 872 818 nominatur,
903 773 947 807 et
968 778 1064 807 eam
1087 763 1170 807 dici
1192 764 1379 809 arbitror
1403 780 1507 809 cum
1529 763 1608 809 ad-

205 836 408 896 jungitur
435 856 444 881 2
474 856 494 878 «
513 838 665 895 Neque
687 850 842 879 manus
861 843 1144 895 peccatorum
1167 835 1390 881 dimoveat
1411 839 1547 881 me2.»

271 910 361 952 LV.
389 906 472 952 Sed
489 907 577 951 sive
593 907 694 962 hoc,
709 907 798 950 sive
821 905 942 951 aliud
962 906 1007 951 in
1024 907 1090 951 his
1109 906 1253 951 verbis
1270 905 1606 967 intelligendum

211 980 289 1034 sit,
316 988 366 1023 tu
398 977 577 1038 negabis
613 978 660 1022 in
681 977 755 1022 illa
786 977 1058 1038 perfectione
1088 994 1137 1023 ac
1172 977 1381 1023 beatitate
1421 978 1609 1023 animam

212 1052 514 1105 constitutam,
553 1059 598 1094 et
631 1050 882 1110 conspicere
922 1050 1168 1106 veritatem,
1204 1060 1248 1096 et
1283 1049 1612 1095 immaculatam

210 1137 388 1166 manere
404 1130 447 1166 et
463 1120 573 1165 nihil
590 1119 799 1165 molestiae
816 1121 907 1181 pati
924 1136 1065 1181 posse,
1083 1131 1127 1167 et
1147 1121 1226 1166 uni
1252 1124 1343 1167 Deo
1357 1120 1503 1177 subdi,
1523 1136 1610 1165 cae-

215 1194 312 1237 tcris
334 1208 437 1237 vero
466 1192 791 1252 supereminere
812 1192 1010 1237 naturis?
1039 1195 1093 1238 D.
1126 1195 1222 1238 Imo
1245 1192 1369 1237 aliter
1391 1207 1487 1236 eam
1507 1207 1611 1252 per-

205 1263 486 1309 fectissimam
509 1273 551 1308 et
573 1264 867 1309 beatissimam
885 1279 976 1309 esse
992 1280 1118 1324 posse
1140 1280 1232 1309 non
1248 1262 1396 1309 video.
1414 1266 1476 1308 Μ.
1504 1266 1610 1308 Haec

210 1351 314 1394 ergo
338 1334 673 1394 contemplatio,
700 1334 1362 1395 sanctificatio,impassibilitas,
1394 1333 1612 1379 ordinatio

212 1407 326 1467 ejus,
350 1415 426 1450 aut
453 1404 541 1449 illae
564 1414 668 1449 sunt
689 1413 878 1466 quatuor
905 1405 1088 1449 virtutes
1119 1404 1326 1465 perfeetae
1349 1414 1483 1465 atque
1502 1419 1612 1449 con-

211 1486 463 1531 summatae,
503 1485 578 1520 aut
616 1491 672 1520 ne
704 1474 759 1520 de
791 1475 1046 1520 nominibus
1083 1492 1186 1521 cum
1220 1491 1286 1520 res
1322 1475 1609 1530 conveniant,

210 1547 371 1593 frustra
392 1547 658 1602 laboremus,
683 1562 762 1606 pro
789 1546 880 1591 istis
902 1546 1164 1602 virtutibus,
1185 1547 1346 1608 quibus
1375 1547 1611 1592 constituta

211 1620 258 1664 in
286 1619 510 1664 laboribus
552 1618 692 1663 utitur
728 1617 894 1673 anima,
931 1616 1038 1664 tales
1073 1616 1279 1679 quaedam
1325 1617 1533 1678 potentiae
1565 1619 1611 1663 in

212 1700 376 1736 aeterna
393 1691 433 1734 ei
455 1691 544 1735 vita
567 1689 792 1751 sperandae
815 1698 932 1734 sunt.

211 1852 312 1870 ΜΜΙᾺ
318 1850 748 1867 ΜΜΑΛΛΑΝΝἋΜΙἉΛΝἋΜΑΛ
754 1848 1609 1869 ΜΝΝἋΜΛῚΜΜΜΜΜΛΝἋΜΜΜΜἮΜΛΏ

679 1972 896 2023 CAPUT
944 1975 1105 2022 XVII.

224 2119 371 2183 Quod
402 2122 659 2182 peccatrix
693 2122 861 2165 anima
896 2135 1120 2165 numeros
1153 2130 1290 2182 agat,
1323 2129 1366 2165 et
1400 2122 1610 2165 numeris

541 2201 735 2253 agatur.
753 2220 813 2228 —-
832 2191 1087 2237 Conclusio
1109 2193 1283 2251 operz'S.

273 2333 385 2374 LVI.
423 2333 508 2374 Nos
538 2339 711 2374 tantum
742 2329 1089 2383 meminerimUS,
1120 2327 1239 2388 quod
1277 2327 1331 2372 ad
1365 2337 1608 2388 susceptam

211 2411 473 2462 piaesentem
507 2402 845 2461 disputationem
880 2400 1066 2445 maxime
1102 2400 1313 2460 pertinet,
1347 2399 1393 2443 id
1429 2400 1496 2457 agi
1531 2415 1609 2459 per

212 2472 531 2532 providentiam
561 2474 661 2525 Dei,
688 2488 765 2532 per
795 2487 928 2533 quam
960 2480 1118 2515 cuneta
1149 2470 1311 2514 creavit
1333 2479 1377 2514 et
1398 2470 1531 2528 regit,
1559 2479 1609 2514 ut

213 2544 340 2587 etiam
364 2543 580 2603 peccatrix
615 2553 657 2587 et
691 2558 935 2591 aerumnosa
966 2542 1108 2586 anima
1144 2541 1333 2585 numeris
1370 2550 1536 2597 agatur,
1563 2549 1607 2584 ct

265 2637 272 2651 ¹
295 2630 373 2661 1³:51¹..
395 2641 496 2661 xxxv.
522 2639 571 2660 ιθ..
