1883 3194
540 177 706 208 coNTnA
736 175 1003 207 AeAnEmcos
1034 179 1160 207 misen
1191 182 1241 207 u.
1521 171 1578 211 63

180 244 386 291 omnibus
406 253 564 291 notum
584 254 665 302 est,
683 253 728 290 et
750 259 871 290 nunc
888 253 964 290 tua
990 242 1262 305 professione
1288 246 1390 291 satis
1411 245 1579 294 indicas

180 327 224 364 te
240 317 453 381 loquendi
474 317 667 379 peritum
684 333 793 375 esse,
816 316 949 364 velim
971 316 1158 378 explices
1179 317 1414 364 utilitatem
1434 319 1579 380 primo

179 391 310 452 hujus
330 390 626 452 inquisitionis
645 405 752 445 suae,
772 405 874 451 quae
897 397 975 434 aut
995 389 1219 449 superflua
1235 398 1316 446 est,
1336 399 1389 436 ut
1400 391 1576 452 opinor,

179 471 227 507 et
251 462 291 507 ei
340 461 486 507 multo
528 461 667 522 magis
699 459 966 522 respondere
994 460 1270 520 superfluum
1300 469 1367 507 est
1397 479 1407 508 ε
1438 472 1516 508 aut
1544 462 1580 509 si

179 533 413 579 commoda
426 534 518 580 visa
538 533 690 591 luerit⁷
709 541 754 578 et
776 549 800 578 a
815 548 888 578 me
909 530 1115 593 explicari
1131 532 1366 595 nequierit,
1384 535 1580 595 precario

179 606 256 652 abs
277 615 322 651 te
341 606 592 667 impetrem,
615 614 668 652 ut
684 605 881 667 magistri
900 604 1098 650 officium
1119 620 1176 650 ne
1199 620 1393 665 gravere.
1417 606 1579 651 Memi-

178 678 304 736 nisti,
331 679 539 740 inquam,
562 679 657 724 heri
683 694 756 724 me
783 693 872 724 esse
894 676 1142 739 pollicitum
1165 677 1222 723 de
1242 678 1334 724 istis
1352 678 1579 725 vocabulis

146 773 151 779 ·
177 759 277 812 post
297 760 516 796 acturum.
548 753 607 796 Et
631 766 752 797 nunc
772 750 849 796 ille
870 749 936 796 sol
956 748 1191 807 admonet,
1215 759 1269 796 ut
1288 766 1391 812 quae
1409 749 1579 796 ludicra

176 822 322 883 pueris
340 823 550 885 proposui
566 822 763 884 redigam
789 823 837 868 in
857 823 984 868 cistas
997 857 1009 880 ‚
1029 822 1273 883 praesertim
1299 837 1402 868 cum
1436 838 1487 868 ea
1505 838 1579 869 or-

174 894 313 941 nandi
329 896 422 958 jam
437 896 587 958 potius
605 911 743 958 quam
763 893 986 941 vendendi
1003 895 1140 955 gratia
1160 910 1421 957 proponam.
1446 897 1578 943 Nunc

174 976 413 1029 antequam
429 967 594 1028 stylum
614 977 817 1015 nostrum
830 967 1024 1013 tenebrae
1045 976 1281 1028 occupent,
1304 982 1406 1028 quae
1427 976 1580 1028 patro-

172 1054 244 1084 nae
266 1038 636 1086 Academicorum
657 1039 802 1086 solent
823 1054 935 1097 esse,
961 1037 1064 1084 volo
1085 1038 1200 1084 inter
1223 1053 1305 1084 nos
1325 1038 1459 1084 hodie
1478 1037 1578 1099 ple-

172 1111 347 1157 nissime
365 1122 550 1170 constet,
572 1112 630 1158 ad
653 1128 789 1175 quam
810 1112 1100 1175 quaestionem
1121 1111 1250 1157 nobis
1272 1110 1580 1172 explicandam

170 1198 301 1229 mane
316 1184 590 1245 surgendum
606 1185 675 1231 sit.
695 1188 851 1246 Itaque
865 1181 1082 1244 responde
1093 1216 1105 1239 ,
1125 1197 1276 1244 quaeso
1292 1201 1302 1228 z
1321 1184 1481 1228 Utrum
1497 1181 1580 1228 tibi

171 1253 406 1300 videantur
421 1255 684 1314 {Academici
705 1254 910 1300 habuisse
931 1262 1097 1300 certam
1117 1252 1173 1299 de
1193 1253 1378 1299 veritate
1398 1262 1580 1299 senten-

171 1325 278 1370 tiam
292 1361 304 1382 ,
329 1334 374 1371 et
390 1340 487 1370 eam
504 1335 669 1371 temere
689 1325 848 1385 ignotis
869 1324 941 1370 vel
963 1340 1054 1370 non
1080 1323 1277 1386 purgatis
1296 1323 1452 1370 animis
1468 1339 1578 1386 pro-

169 1396 276 1442 dere
307 1396 514 1443 noluisse.
540 1399 612 1442 An
631 1412 736 1443 vero
757 1397 819 1442 ita
852 1396 1088 1455 senserint,
1113 1405 1165 1442 ut
1190 1411 1346 1443 eorum
1379 1395 1579 1458 disputa-

170 1467 312 1515 tiones
331 1484 377 1514 se
395 1468 593 1514 habent?

230 1541 374 1585 XXX.
411 1542 526 1586 Tum
556 1538 632 1585 ille
650 1560 659 1586 ε
684 1539 806 1595 Quid
826 1539 911 1585 illis
946 1539 1081 1585 animi
1116 1537 1251 1586 fuerit
1264 1574 1276 1597 ,
1292 1537 1579 1603 inquit‚'non

171 1621 335 1658 temere
357 1612 650 1659 confirmabo.
675 1615 788 1660 Nam
804 1621 1022 1674 quantum
1043 1628 1096 1657 ex
1111 1611 1235 1657 libris
1256 1612 1404 1672 colligi
1421 1611 1575 1671 datur,

171 1692 222 1729 tu
251 1684 407 1729 melius
425 1683 539 1729 nosti
572 1699 674 1744 quae
704 1683 752 1728 in
775 1683 912 1730 verba
934 1683 1198 1729 sententiam
1222 1699 1346 1729 suam
1375 1700 1578 1745 promere

169 1755 353 1802 soleant.
379 1759 453 1802 Me
473 1764 622 1800 autem
635 1756 691 1800 de
713 1770 784 1800 me
805 1755 901 1815 ipso
917 1756 952 1801 si
974 1755 1187 1812 consulis,
1212 1755 1445 1801 inventum
1465 1773 1577 1803 non-

167 1826 278 1872 dum
297 1842 453 1873 verum
489 1841 580 1871 esse
608 1834 734 1886 puto.
759 1824 891 1872 Addo
923 1826 1056 1871 etiam
1080 1826 1203 1888 quod
1224 1827 1280 1873 de
1301 1827 1576 1875 Academicis

168 1898 420 1959 flagitabas,
437 1913 518 1943 nec
539 1913 663 1958 posse
675 1897 863 1943 inveniri
882 1913 955 1943 me
974 1907 1132 1959 putare
1146 1933 1158 1955 ‚
1183 1914 1276 1945 non
1297 1898 1442 1946 solum
1472 1900 1574 1947 ino-

168 1969 268 2027 lita,
292 1985 428 2032 quam
448 1984 619 2030 semper
639 1968 732 2014 fere
753 1968 1097 2016 animadvertisti
1121 1971 1329 2032 opinione
1349 1986 1469 2029 mea,
1497 1972 1575 2018 sed

168 2043 301 2088 etiam
316 2042 576 2088 auctoritate
599 2055 864 2101 magnorum
886 2040 1337 2106 excellentiorumque
1375 2044 1575 2105 philoso-

166 2115 359 2176 phorum
370 2150 382 2172 ,
398 2114 562 2177 quibus
573 2129 652 2160 nos
664 2113 863 2175 praebere
875 2113 988 2160 colla
1005 2115 1094 2161 sive
1115 2115 1391 2162 imbecillitas
1403 2126 1573 2177 nostra,

165 2187 256 2234 sive
269 2187 478 2248 sagacitas
496 2187 694 2249 ipsorum
704 2222 715 2244 ‚
731 2186 849 2232 ultra
866 2202 999 2249 quam
1012 2187 1123 2233 nihil
1138 2189 1231 2249 jam
1244 2188 1432 2234 inveniri
1444 2206 1570 2252 posse

168 2259 442 2306 credendum
467 2268 559 2317 est,
584 2260 732 2306 nescio
754 2260 980 2322 quomodo
1013 2260 1254 2322 compellit.
1273 2265 1368 2308 Hoc
1389 2271 1481 2321 est,
1501 2263 1572 2310 in-

169 2347 320 2393 quam,
344 2330 468 2393 quod
488 2331 625 2379 volui.
650 2334 762 2380 Nam
783 2332 965 2378 verebar
986 2348 1058 2390 ne,
1085 2348 1188 2378 cum
1222 2332 1306 2379 tibi
1326 2349 1506 2396 quoque
1526 2334 1573 2381 id

170 2402 394 2449 videretur
413 2402 535 2466 quod
556 2403 687 2461 mihi,
711 2402 953 2465 disputatio
974 2413 1123 2452 nostra
1139 2421 1295 2452 manca
1306 2416 1567 2464 remaneret,

170 2475 296 2522 nullo
317 2475 527 2522 existente
548 2476 627 2539 qui
648 2492 700 2522 ex
721 2475 858 2522 altera
877 2486 1001 2538 parte
1035 2493 1129 2523 rem
1162 2478 1312 2524 venire
1347 2478 1394 2524 in
1415 2494 1571 2525 manus

170 2557 369 2610 cogeret,
392 2557 444 2597 ut
455 2547 689 2611 diligenter
713 2558 933 2610 quantum
950 2565 1181 2612 possumus
1196 2560 1455 2598 versaretur.
1481 2555 1572 2599 Ita-
