1888 3168
695 221 818 248 Lmen
851 221 905 247 DE
939 218 1167 248 MAGISTRO.
1548 207 1632 246 563

240 305 340 335 rum
357 289 562 350 quaedam
588 285 853 331 documenta
876 293 1115 344 gestamus,
1141 299 1242 345 quae
1267 284 1412 329 animo
1434 293 1634 329 contem-

238 361 410 422 plantes
432 359 550 404 bona
588 356 853 402 conscientia
870 371 961 400 non
982 354 1221 399 mentimur
1243 370 1344 399 cum
1380 355 1606 417 loquimur
1626 377 1636 402 :

239 431 316 478 sed
336 430 462 477 nobis
489 437 593 475 sunt
613 429 694 473 ista
720 427 1015 486 documenta,
1038 426 1074 470 is
1108 427 1226 471 enim
1246 427 1324 488 qui
1356 427 1501 484 audit,
1527 428 1563 473 si
1584 444 1636 474 ea

236 502 371 549 sensit
391 509 523 563 atque
544 499 693 557 affuit,
713 515 805 545 non
826 497 953 544 discit
973 497 1079 544 meis
1104 497 1268 554 verbis,
1289 497 1366 543 sed
1394 513 1635 559 recognos-

236 574 296 619 cit
307 571 461 619 ablatis
478 586 627 618 secum
640 580 684 616 et
702 570 794 632 ipse
810 569 1097 629 imaginibus:
1118 568 1153 614 si
1174 578 1321 614 autem
1338 569 1414 615 illa
1434 585 1526 615 non
1537 586 1639 616 sen-

236 645 312 702 sit,
336 645 434 706 quis
455 660 546 691 non
560 659 663 690 eum
683 642 860 690 credere
880 643 1025 703 potius
1045 641 1188 688 verbis
1211 657 1346 702 quam
1367 641 1534 688 discere
1560 643 1633 688 in-

240 715 425 777 telligat.

298 790 392 832 XL.
426 789 541 834 Cum
570 802 674 833 vero
701 787 756 832 de
777 787 825 831 iis
848 786 1006 846 agitur,
1032 802 1132 847 quae
1153 795 1302 830 mente
1315 786 1637 846 conspicimus,

240 858 288 903 id
309 866 389 915 est,
409 857 637 904 intellectu
659 867 791 920 atque
804 857 987 914 ratione,
1003 872 1052 902 ea
1069 855 1249 918 quidem
1269 854 1513 917 loquimur,
1536 873 1639 918 quae

240 929 473 990 praesentia
495 938 759 975 contuemur
780 930 826 974 in
845 927 919 973 illa
946 928 1152 974 interiore
1185 928 1284 973 luce
1308 928 1500 973 veritatis
1520 964 1530 985 ,
1556 944 1645 990 qua

238 999 346 1061 ipse,
372 1001 449 1062 qui
470 1000 632 1046 dicitur
652 1001 785 1046 homo
804 1001 982 1046 interior
998 999 1269 1057 ,illustratur
1291 1009 1334 1045 et
1355 998 1541 1046 fruitur:
1566 999 1643 1044 sed

238 1080 348 1117 tunc
373 1088 552 1134 quoque
574 1082 722 1118 noster
739 1071 935 1129 auditor,
961 1072 996 1117 si
1017 1081 1061 1116 et
1083 1072 1173 1132 ipse
1188 1071 1263 1117 illa
1286 1081 1452 1117 secreto
1471 1087 1520 1117 ac
1538 1072 1644 1116 sim-

239 1142 345 1204 plici
363 1143 493 1190 oculo
505 1144 649 1202 videt,
667 1145 790 1191 novit
803 1144 925 1206 quod
938 1144 1037 1190 dico
1050 1161 1129 1189 sua
1147 1144 1519 1206 contemplatione
1530 1180 1541 1201 ,
1555 1159 1649 1190 non

239 1214 381 1260 verbis
411 1216 532 1260 meis.
558 1218 675 1275 Ergo
707 1232 763 1260 ne
788 1217 910 1261 hunc
947 1213 1127 1277 quidem
1160 1214 1299 1261 doceo
1329 1231 1432 1261 vera
1468 1215 1642 1272 dicens,

237 1301 341 1332 vera
372 1286 648 1333 intuentem:
674 1288 860 1333 docetur
876 1288 994 1332 enim
1017 1303 1109 1333 non
1128 1287 1272 1333 verbis
1289 1288 1418 1344 meis,
1444 1287 1520 1333 sed
1540 1287 1645 1348 ipsis

239 1358 371 1404 rebus
388 1362 481 1404 Deo
501 1359 619 1404 intus
640 1359 863 1420 pandente
883 1357 1152 1405 manifestis:
1172 1359 1322 1420 itaque
1345 1359 1400 1404 de
1420 1360 1488 1405 his
1515 1360 1646 1404 etiam

239 1429 535 1488 interrogatus
568 1429 833 1490 respondere
864 1439 1025 1491 posset.
1067 1429 1187 1484 Quid
1228 1439 1376 1474 autem
1413 1430 1646 1475 absurdius

239 1516 378 1563 quam
400 1515 502 1545 eum
521 1510 677 1561 putare
698 1500 922 1546 locutione
942 1516 1041 1545 mea
1063 1499 1233 1556 doceri,
1259 1501 1336 1561 qui
1353 1511 1499 1561 posset
1520 1511 1646 1547 ante-

241 1587 377 1633 quam
399 1571 606 1634 loquerer
632 1587 683 1617 ea
704 1572 798 1632 ipsa
818 1573 1112 1632 interrogatus
1130 1574 1377 1633 exponere?
1392 1575 1502 1620 Nam
1524 1574 1646 1636 quod

242 1659 358 1705 saepe
376 1643 615 1703 contingit,
640 1653 690 1688 ut
702 1643 995 1703 interrogatus
1013 1642 1182 1704 aliquid
1202 1653 1355 1704 neget,
1373 1654 1506 1706 atque
1523 1645 1579 1691 ad
1594 1646 1641 1690 id

242 1713 473 1760 fatendum
491 1714 583 1759 aliis
600 1714 1014 1774 interrogationibus
1034 1723 1243 1774 urgeatur
1254 1750 1264 1770 ,
1280 1715 1428 1761 sithoc
1445 1716 1647 1761 imbecil-

241 1785 365 1831 litate
385 1786 601 1830 cernentis
616 1820 626 1841 ,
644 1785 722 1845 qui
743 1784 798 1829 de
823 1798 868 1830 re
890 1794 981 1830 tota
993 1784 1113 1830 illam
1134 1785 1280 1830 lucem
1306 1787 1534 1832 consulere
1554 1804 1646 1833 non

243 1865 408 1918 potest:
428 1857 552 1918 quod
571 1865 622 1901 ut
637 1856 836 1917 partibus
870 1855 1022 1913 faciat,
1047 1856 1334 1914 admonetur,
1361 1874 1463 1903 cum
1483 1858 1539 1903 de
1568 1860 1643 1905 iis—

190 1961 192 1963 »
244 1927 347 1973 dem
360 1928 450 1973 istis
462 1927 661 1988 partibus
677 1928 971 1986 interrogatur
981 1962 992 1983 ,
1010 1927 1171 1988 quibus
1183 1928 1258 1973 illa
1272 1944 1443 1973 summa
1456 1940 1643 1988 constat,

244 2016 379 2062 quam
396 2009 535 2046 totam
553 2015 730 2045 cernere
745 2015 837 2045 non
849 1999 1040 2045 valebat.
1059 2002 1158 2053 Quo
1176 2001 1212 2045 si
1230 2001 1373 2046 verbis
1392 2001 1648 2062 perducitur

244 2073 336 2133 ejus
358 2071 436 2132 qui
456 2072 717 2130 interrogat,
737 2086 829 2116 non
850 2079 1000 2115 tamen
1022 2069 1285 2117 docentibus
1307 2072 1472 2129 verbis,
1497 2073 1574 2118 sed
1594 2090 1647 2120 eo

244 2142 378 2189 modo
399 2143 746 2204 inquirentibus,
771 2158 861 2204 quo
882 2141 1016 2187 modo
1037 2152 1102 2188 est
1121 2141 1219 2199 ille,
1245 2160 1268 2188 a
1295 2160 1385 2205 quo
1407 2145 1641 2206 quaeritur,

245 2215 366 2260 intus
384 2214 550 2260 discere
570 2212 778 2272 idoneus,
796 2212 918 2259 velut
935 2213 968 2257 si
981 2213 1055 2258 abs
1070 2222 1113 2258 te
1134 2229 1376 2275 quaererem
1397 2215 1482 2261 hoc
1503 2217 1647 2277 ipsum

246 2284 371 2347 quod
387 2285 553 2345 agitur,
578 2295 833 2331 utrumnam
855 2284 999 2330 verbis
1020 2283 1166 2330 doceri
1188 2285 1298 2330 nihil
1319 2286 1481 2346 possit,
1499 2296 1543 2332 et
1564 2288 1643 2333 ab·

247 2356 432 2403 surdum
441 2357 523 2402 tibi
535 2358 677 2418 primo
687 2356 909 2403 videretur
920 2372 1011 2402 non
1023 2356 1187 2403 valenti
1204 2366 1250 2404 to
1257 2366 1350 2403 tum
1367 2360 1616 2420 conspicere
1631 2380 1641 2406 :

248 2430 309 2476 sic
346 2445 451 2490 ergo
487 2445 683 2491 quaerere
720 2428 936 2490 oportuit,
961 2439 1011 2475 ut
1035 2439 1124 2475 tuae
1145 2445 1238 2475 sese
1259 2430 1370 2476 vires
1404 2431 1571 2477 habent
1592 2432 1649 2477 ad

251 2499 521 2547 audiendum
541 2498 667 2546 il'lum
685 2500 802 2546 intus
824 2500 1104 2560 magistrum,
1124 2510 1175 2545 ut
1198 2500 1410 2547 dicerem:
1431 2504 1495 2548 Ea
1510 2537 1521 2559 ,
1547 2520 1647 2564 quae

251 2587 322 2618 me
353 2571 562 2633 loquente
584 2588 686 2617 vera
708 2587 798 2617 esse
835 2572 1076 2629 confiteris,
1101 2582 1143 2617 et
1163 2582 1307 2618 certus
1331 2589 1373 2619 es
1391 2609 1401 2629 ,
1428 2583 1471 2618 et
1503 2583 1545 2619 tc
1572 2574 1644 2620 illa

1422 2647 1484 2685 35.
