1888 3168
634 213 689 239 DE
722 210 876 239 aiesicA
910 212 993 238 Lus.
1023 211 1080 237 vr.
1475 192 1560 233 >197

161 288 247 325 tres
269 279 435 334 minor,
461 286 647 340 quantas
669 279 807 339 major
828 278 1043 338 quatuor?
1063 278 1128 320 Ita
1147 275 1193 319 in
1211 273 1417 319 omnibus
1433 272 1561 333 pedi-

161 350 244 396 bus
266 349 388 395 nulla
416 365 515 410 pars
538 348 718 393 minima
752 357 818 393 est
849 347 1033 408 alicujus
1061 344 1345 390 dimensionis
1380 342 1565 388 articulo

161 430 312 467 notata
326 456 338 478 ‚
357 420 430 466 cui
444 436 535 466 non
547 429 716 466 caeterae
729 428 895 481 quanta
911 427 1096 479 possunt
1112 415 1364 478 aequalitate
1381 430 1566 461 consen-

163 493 291 538 tiant.

220 565 409 609 XXVII.
441 565 532 622 Age
553 562 600 607 in
622 563 867 624 conjunctis
888 561 1075 623 pedibus
1091 596 1102 618 ,
1123 561 1211 606 sive
1244 559 1383 605 libera
1405 574 1566 620 perpe-

164 637 318 681 tuitate
334 635 582 697 porrigatur
603 635 685 680 ista
705 635 960 697 conjunctio
973 670 984 690 ‚
1002 633 1114 679 sicut
1135 632 1181 677 in
1202 632 1422 690 rhythmis
1443 653 1454 689 3
1479 631 1567 676 sive

164 707 220 752 ab
243 706 391 768 aliquo
413 715 533 752 certo
550 706 638 750 fine
661 715 892 752 revocetur
907 742 917 762 ‚
938 706 1051 750 sicut
1072 705 1120 749 in
1135 703 1309 762 metris3
1325 703 1413 749 sive
1436 703 1567 748 etiam

163 778 210 823 in
232 777 322 825 duo
344 777 542 822 membra
563 777 755 838 quadam
776 777 874 837 lege
896 777 1067 822 sibimet
1088 775 1377 836 congruentia
1403 774 1570 819 tribua-

164 860 238 896 tur
251 886 262 907 ,
279 853 394 896 sicut
409 850 456 894 in
478 849 696 906 versibus,
717 866 805 911 qua
819 848 998 895 tandem
1022 848 1106 894 alia
1124 864 1192 906 re,
1217 848 1299 894 nisi
1317 847 1570 910 aequalitate

164 938 240 983 pes
262 921 364 983 pedi
385 921 551 967 amicus
574 924 664 967 est?
690 922 817 966 Unde
845 921 1042 978 molossi,
1068 930 1110 966 et
1130 921 1377 966 ionicorum
1401 919 1570 978 syllaba

164 993 309 1040 media
325 1010 425 1056 quae
438 992 569 1053 longa
586 1003 673 1051 est,
694 1009 786 1039 non
806 995 998 1039 sectione
1009 1029 1020 1050 ,
1035 992 1110 1039 sed
1130 1002 1243 1038 nutu
1258 993 1352 1054 ipso
1369 1008 1570 1054 pronun-

166 1066 314 1112 tiantis
345 1075 478 1127 atque
508 1065 757 1126 plaudentis
780 1066 825 1110 in
847 1065 938 1111 duo
967 1066 1087 1127 paria
1110 1074 1333 1111 momenta
1368 1063 1573 1110 distribui

165 1146 332 1199 potest,
358 1146 410 1182 ut
439 1137 570 1182 etiam
593 1136 649 1182 ad
670 1146 795 1183 terna
828 1146 1027 1198 tempora
1059 1153 1134 1198 pes
1173 1147 1291 1182 totus
1314 1136 1568 1192 conveniat,

165 1208 346 1271 quando
363 1208 531 1254 caeteris
544 1244 555 1265 ‚
572 1209 650 1270 qui
671 1209 828 1254 eodem
842 1208 976 1254 modo
999 1207 1280 1264 dividuntur,
1299 1207 1570 1268 adjungitur,

166 1299 244 1328 eur
265 1282 348 1328 nisi
370 1281 630 1343 aequalitatis
648 1283 746 1342 jure
761 1281 1018 1323 dominante
1032 1314 1043 1334 ‚
1065 1281 1187 1340 quod
1211 1278 1377 1324 scilicet
1390 1280 1572 1340 aequalis

167 1363 230 1397 est
252 1353 460 1398 lateribus
494 1353 604 1404 miz,
629 1364 732 1409 quae
751 1348 959 1393 binorum
982 1358 1234 1409 temporum
1256 1360 1381 1406 sunt,
1403 1367 1504 1396 cum
1529 1361 1575 1397 et

166 1423 257 1483 ipsa
280 1421 336 1467 sit
353 1420 492 1466 duum
516 1421 793 1481 temporum?
814 1421 905 1466 Cur
930 1420 1049 1464 idem
1070 1421 1164 1464 fieri
1186 1421 1232 1464 in
1255 1421 1572 1482 amphibracho

166 1510 260 1540 non
272 1502 437 1555 potest,
454 1491 633 1555 quando
646 1492 813 1538 &eteris
828 1501 1018 1553 quatuor
1034 1500 1284 1553 temporum
1298 1493 1568 1554 adjungitur,

167 1567 249 1612 nisi
274 1566 379 1628 quia
410 1575 532 1611 tanta
554 1564 617 1610 ibi
638 1581 729 1610 non
751 1565 973 1611 invenitur
1000 1565 1226 1626 aequalitas
1244 1565 1383 1627 duplo
1400 1567 1571 1625 medio,

168 1638 378 1683 lateribus
415 1636 580 1698 simplis
598 1639 616 1681 P
649 1638 740 1682 Cur
770 1637 817 1680 in
854 1635 1127 1681 silentiorum
1167 1636 1407 1683 intervallis
1451 1639 1575 1685 nulla

168 1709 326 1755 fraude
343 1724 492 1755 sensus
515 1707 756 1753 offenditur
771 1742 780 1763 ‚
798 1707 879 1751 nisi
893 1706 995 1768 quia
1018 1707 1160 1753 eidem
1178 1708 1269 1769 juri
1286 1708 1572 1771 aequalitatis,

170 1781 338 1828 etiamsi
367 1797 458 1827 non
479 1795 613 1836 sono,
635 1779 775 1840 spatio
799 1788 947 1824 tamen
982 1781 1188 1842 temporis
1210 1782 1334 1842 quod
1354 1782 1571 1840 debetur,

171 1852 413 1900 exolvitur?
434 1853 525 1899 Cur
547 1861 759 1913 sequente
787 1850 959 1897 silentio
982 1852 1113 1896 etiam
1139 1851 1282 1898 brevis
1305 1853 1473 1912 syllaba
1494 1871 1575 1915 pro

169 1926 302 1984 longa
329 1924 563 1986 accipitur,
588 1939 680 1969 non
700 1923 903 1969 instituto
919 1959 930 1980 ‚
956 1923 1033 1968 sed
1055 1924 1149 1984 ipso
1167 1926 1356 1970 naturali
1378 1928 1575 1973 examine

171 1996 293 2060 quod
312 1996 491 2042 auribus
509 1995 714 2057 praesidet
729 2031 741 2052 7
766 1995 848 2040 nisi
876 1996 979 2057 quia
1012 1996 1059 2041 in
1081 1996 1218 2057 spatio
1241 2000 1448 2059 temporis
1474 1998 1574 2044 lon-

169 2070 287 2128 giore
308 2085 467 2115 sonum
495 2077 712 2114 coarctare
730 2067 778 2112 in
800 2068 1022 2128 angustias
1043 2068 1196 2114 eadem
1218 2069 1291 2115 illa
1313 2070 1577 2132 aequalitatis

169 2142 265 2200 lege
287 2141 606 2203 prohibemur?
625 2144 779 2200 Itaque
791 2139 1007 2198 syllabam
1020 2140 1135 2187 ultra
1149 2142 1239 2187 duo
1262 2152 1460 2203 tempora
1475 2160 1575 2205 pro-

170 2214 333 2259 ducere
345 2250 356 2270 ‚
375 2222 427 2258 ut
443 2213 576 2258 etiam
596 2227 703 2257 sono
726 2211 963 2272 impleatur
979 2213 1100 2274 quod
1117 2214 1289 2259 silentio
1305 2215 1477 2276 impleri
1499 2233 1577 2278 po-

172 2294 279 2341 test,
306 2283 499 2329 admittit
520 2292 678 2328 natura
694 2281 901 2328 audiendi
923 2293 967 2328 et
987 2285 1184 2332 tacendi:
1201 2296 1252 2331 ut
1265 2296 1413 2332 autem
1429 2289 1577 2334 minus

172 2371 309 2418 quam
330 2354 421 2401 duo
446 2365 640 2416 tempora
663 2363 847 2416 occupet
875 2354 1064 2413 syllaba,
1097 2356 1205 2402 dum
1227 2368 1358 2404 restat
1386 2361 1576 2421 spatium

174 2427 315 2474 tacitis
334 2427 516 2472 nutibus
528 2463 538 2483 ‚
555 2426 761 2488 quaedam
777 2424 896 2471 fraus
918 2427 1179 2489 aequalitatis
1194 2439 1278 2487 est,
1305 2432 1408 2493 quia
1430 2433 1576 2478 minus

175 2515 309 2562 quam
346 2500 392 2544 in
429 2499 602 2544 duobus
632 2514 723 2543 esse
744 2497 969 2559 {equalitas
994 2515 1084 2545 non
1107 2511 1265 2562 potest.
1293 2504 1495 2550 Jamvcro
1531 2506 1576 2551 in

175 2572 266 2633 ipsa
289 2571 539 2633 {equalitate
568 2570 867 2616 membrorum
889 2587 974 2632 qua
1009 2572 1231 2619 variantur
1264 2574 1327 2619 illi
1356 2576 1571 2634 ambitus„

339 2654 462 2685 CVIII.
1338 2649 1389 2687 32
