1852 3163
638 214 692 241 DE
725 214 882 241 011111Νο
915 213 998 240 Ltss.
1036 215 1085 241 11.
1484 201 1569 240 217

173 295 262 325 non
296 281 470 341 poterit.
509 282 624 325 Bene
663 289 809 325 antem
845 279 1040 324 viventes
1077 277 1282 324 facillime
1321 277 1567 324 exaudiet1.

173 352 358 397 Oremus
383 368 508 412 ergo,
530 368 620 397 non
642 362 693 397 ut
715 351 841 397 nobis
860 350 1025 395 divitiae
1042 386 1053 406 ,
1077 349 1148 395 vel
1169 351 1380 405 honores,
1407 350 1576 395 11011111-

167 423 363 484 jusmodi
404 439 469 468 res
506 424 638 468 fluxae
678 433 809 485 atque
833 431 1063 478 nutantes,
1089 432 1132 467 et
1163 423 1319 483 quovis
1351 423 1573 467 resistente

174 503 468 550 transeuntes,
492 494 568 538 scd
586 504 700 539 ntea
720 495 1001 556 proveniant,
1024 499 1124 555 quae
1147 509 1226 538 nos
1249 494 1389 538 bonos
1412 491 1574 555 saciant

174 582 222 611 ac
240 567 404 611 beatos.
427 569 536 620 Quae
553 576 655 611 vota
670 576 720 611 ut
737 566 1011 612 devotissime
1030 565 1297 627 impleantur
1308 600 1319 620 ,
1338 564 1421 609 tibi
1439 564 1576 608 maxi-

172 652 241 682 me
262 637 346 683 1100
364 638 615 697 negotium,
636 648 796 694 mater,
818 637 1114 699 injungimus,
1135 638 1260 698 cujus
1280 636 1484 697 precibus
1507 636 1575 678 in-

172 707 428 754 dubitanter
459 710 616 768 credo,
641 720 775 772 atque
808 710 1023 755 confirmo
1062 708 1170 752 mihi
1211 708 1339 753 istam
1375 715 1575 751 mentem
1616 707 1624 716 “

170 783 312 826 Deum
330 780 499 827 dedisse
513 818 524 838 ,
543 792 594 828 ut
614 781 892 828 inveniendae
913 781 1086 826 veritati
1117 779 1229 825 nihil
1251 780 1435 824 0111111110
1459 794 1574 839 prae-

169 868 361 913 ponam,
387 853 500 898 nihil
536 854 659 899 aliud
693 854 849 910 velim,
870 852 984 898 nihil
1022 852 1232 911 cogitem,
1259 851 1369 896 nihil
1413 865 1571 895 amem.

170 926 260 970 Nec
277 924 429 970 desino
446 924 623 971 credere
643 941 722 971 nos
744 926 828 971 hoc
847 933 1023 970 tantum
1045 924 1216 968 bonum
1233 959 1243 979 ,
1264 921 1390 984 quod
1406 930 1449 967 te
1471 937 1576 982 pro-

171 1005 366 1041 merente
383 997 741 1057 concupivimus,
761 996 914 1042 eadem
932 1005 974 1040 te
995 1004 1173 1056 petente
1191 993 1430 1054 adepturos
1449 1012 1458 1038 2
1478 994 1572 1053 jam

170 1082 273 1112 vcro
297 1076 357 1124 te,
376 1067 525 1129 Alypi,
550 1067 659 1129 quid
677 1069 849 1123 horter,
866 1067 976 1129 quid
997 1065 1317 1126 moneaquui
1339 1073 1574 1127 propterea

170 1138 333 1184 nimius
371 1155 465 1184 non
505 1155 572 1196 05,
598 1140 700 1201 quia
740 1138 846 1184 talia
882 1137 1165 1200 quantumvis
1196 1152 1366 1192 amare,
1392 1135 1576 1180 fortasse

169 1225 340 1271 semper
360 1227 541 1271 parurn,
567 1212 755 1256 nimium
771 1227 874 1256 vero
897 1225 1127 1272 nunquam
1150 1218 1267 1254 recte
1290 1208 1375 1253 dici
1411 1216 1571 1268 potest.

228 1285 350 1328 LIII.
388 1283 469 1328 Hie
497 1283 570 1328 ille
589 1302 598 1329 :
624 1286 737 1329 Vere
777 1283 986 1338 effecisti,
1021 1282 1192 1343 inquit,
1227 1291 1279 1326 111
1317 1280 1574 1325 memoriam

169 1353 530 1400 doctissimorum
556 1371 606 1400 ae
647 1370 910 1415 magnorum
952 1354 1176 1410 virorum,
1202 1369 1303 1415 quae
1337 1350 1577 1413 aliquando

169 1441 253 1486 pro
275 1440 422 1470 rerum
449 1425 756 1486 magnitudine
778 1425 1047 1471 incredibilis
1076 1424 1332 1481 videbatur,
1358 1433 1402 1469 et
1423 1422 1575 1485 quoti-

169 1498 298 1542 diana
312 1496 682 1554 consideratione,
709 1507 752 1542 et
774 1498 855 1543 ista
877 1497 1084 1558 praesenti
1107 1513 1206 1558 quae
1229 1497 1274 1541 in
1298 1507 1341 1542 te
1360 1495 1485 1541 nobis
1509 1503 1573 1539 est

170 1568 481 1624 admiratione,
502 1585 592 1614 non
619 1568 763 1613 solum
787 1569 969 1613 dubiam
991 1584 1082 1613 non
1097 1569 1340 1613 habeamus
1355 1603 1366 1624 ,
1390 1582 1573 1612 verum-

170 1640 301 1684 etiam
341 1640 375 1683 si
413 1655 588 1683 necesse
622 1640 679 1684 sit
700 1640 755 1684 de
780 1640 855 1684 illa
872 1642 1021 1700 jurare
1043 1640 1275 1699 possimus.
1302 1637 1421 1693 Quid
1458 1638 1574 1682 enim

170 1711 295 1756 nobis
310 1745 321 1767 ,
340 1726 488 1755 nonne
500 1710 575 1755 illa
596 1710 859 1756 venerabilis
878 1728 927 1755 ac
949 1727 1086 1772 prope
1104 1711 1250 1755 divina
1263 1746 1274 1767 ,
1296 1727 1396 1772 quae
1409 1712 1508 1772 jure
1531 1719 1575 1755 ct

169 1783 321 1828 habita
344 1791 434 1839 est,
455 1791 498 1827 et
519 1782 703 1842 probata
723 1783 986 1843 Pythagorae
1008 1782 1260 1843 disciplina,
1291 1783 1368 1827 abs
1384 1792 1427 1827 te
1439 1783 1574 1829 hodie

170 1855 328 1900 nostris
350 1853 481 1899 etiam
503 1869 616 1914 pene
638 1853 774 1899 oculis
793 1864 980 1900 reserata
995 1856 1110 1900 est²P
1124 1856 1238 1900 Cum
1256 1863 1299 1900 01
1320 1855 1421 1899 vitae
1443 1871 1575 1915 regu-

169 1926 254 1982 las,
276 1935 322 1971 et
345 1925 540 1971 scientiae
562 1941 653 1971 non
680 1935 770 1970 tam
792 1927 948 1972 itinera
971 1942 1106 1989 quam
1138 1927 1255 1987 ipsos
1288 1942 1470 1988 campos
1487 1963 1498 1983 ,
1524 1944 1574 1974 ac

170 1997 339 2060 liquida
357 2012 558 2058 aequora,
583 2006 627 2041 et
643 1996 765 2058 quod
788 1997 851 2041 illi
872 1998 968 2044 viro
993 2012 1162 2058 magnae
1175 1998 1445 2044 venerationi
1468 1996 1570 2055 fuit,

171 2070 264 2130 ipsa
300 2068 432 2114 etiam
467 2068 653 2113 sacraria
690 2069 881 2114 veritatis
919 2069 998 2113 11111
1029 2077 1196 2122 essent,
1215 2068 1361 2130 qualia
1394 2080 1563 2127 essent,

173 2140 325 2203 quales
357 2149 633 2202 quaererent,
658 2148 702 2184 et
734 2140 946 2196 breviter,
971 2150 1015 2185 et
1047 2141 1107 2186 ita
1133 2139 1262 2201 plene
1298 2140 1571 2200 significasti,

174 2223 226 2259 ut
246 2213 445 2275 quamvis
467 2213 760 2274 suspicemur,
785 2221 830 2258 et
853 2212 1084 2258 credamus
1107 2213 1186 2258 tibi
1216 2227 1307 2258 esse
1330 2212 1476 2258 adhue
1504 2229 1574 2260 se-

175 2285 382 2340 cretiora,
407 2292 554 2330 tamen
582 2300 673 2330 non
698 2284 865 2346 absque
888 2284 1162 2346 impudentia
1185 2300 1265 2330 nos
1285 2293 1515 2346 putemus,
1541 2285 1575 2331 si

176 2356 362 2417 amplius
378 2355 620 2417 quidquam
641 2355 930 2416 flagitandum
947 2357 1022 2403 abs
1044 2365 1088 2402 te
1109 2356 1389 2402 arbitremur.

235 2431 350 2473 LIV.
385 2428 564 2488 Accipio
587 2428 690 2485 ista,
716 2429 919 2490 inquam,
948 2428 1150 2475 libenter.
1183 2431 1336 2490 Neque
1357 2429 1475 2473 enim
1502 2443 1572 2473 me

178 2511 267 2547 tam
286 2500 421 2546 verba
438 2509 535 2556 tua,
555 2517 655 2562 quae
676 2517 777 2546 vera
800 2517 890 2546 non
912 2511 1041 2559 sunt,
1061 2518 1194 2564 quam
1213 2516 1340 2547 verus
1363 2501 1409 2546 in
1426 2500 1572 2546 verbis

225 2596 235 2613 ¹
263 2591 406 2623 Retract.
428 2599 501 2633 cap.
522 2600 572 2632 111,
587 2599 618 2621 n.
642 2589 672 2622 3.
694 2606 736 2612 --
752 2588 835 2623 Ibid.
