1888 3168
650 173 704 198 DE
736 167 892 198 MUSICA
926 171 1007 198 ΠΒ.
1046 172 1105 198 VI.
1489 159 1576 199 475.

179 238 260 283 nisi
283 239 516 283 arbitrarer
534 236 641 281 dum
660 237 731 282 illa
750 244 1001 292 tractamus,
1022 237 1167 281 nescio
1190 237 1308 281 unde
1326 239 1574 298 apparuisse

174 309 303 354 nobis
333 309 539 370 quintum
575 323 736 367 genus,
771 307 893 370 quod
925 316 989 351 est
1011 308 1056 351 in
1080 307 1173 367 ipso
1202 307 1390 352 naturali
1405 309 1573 370 judicio

174 380 414 436 sentiendi,
449 394 551 424 cum
585 378 856 424 delectamur
894 377 1109 440 parilitate
1158 394 1466 436 numerorum,
1503 380 1573 425 vel

172 467 276 497 eum
309 452 356 495 in
387 451 449 496 eis
474 459 704 511 peccatur,
730 449 1013 496 offendimur.
1051 451 1151 495 Non
1183 450 1301 494 enim
1337 460 1572 497 contemno

171 523 294 584 quod
316 522 395 568 tibi
415 522 558 567 visum
575 531 654 579 est,
676 523 768 568 sine
789 520 1052 584 quibusdam
1076 522 1269 566 numeris
1290 522 1338 566 in
1354 537 1406 567 eo
1427 521 1572 567 laten-

174 595 307 651 tibus,
339 595 424 639 hoc
457 610 629 639 sensum
665 604 865 640 nostrum
886 594 1010 640 nullo
1033 593 1167 639 modo
1201 608 1326 652 agere
1347 593 1567 654 potuisse:

173 680 228 711 an
257 665 372 711 forte
398 665 453 711 ad
477 667 660 712 istorum
693 677 882 728 quatuor
905 665 1087 728 aliquod
1109 681 1244 725 genus
1266 666 1380 710 hane
1403 675 1568 710 tantam

174 739 258 783 vim
291 738 508 799 pertinere
541 739 793 784 arbitraris?
823 742 875 784 D.
905 742 1000 799 Ego
1027 753 1131 784 vero
1162 737 1217 782 ab
1248 735 1331 782 illis
1365 738 1570 782 omnibus

173 810 258 855 hoe
288 825 427 870 genus
468 809 831 869 distinguendum
857 820 981 871 puto.
1011 809 1234 871 Siquidem
1264 807 1385 853 aliud
1409 818 1474 853 est
1497 824 1568 854 so-

171 897 297 939 nare,
317 881 439 943 quod
461 883 633 943 corpori
658 883 893 939 tribuitur,
915 882 1036 928 aliud
1054 882 1207 927 audire
1221 917 1232 937 ,
1257 879 1379 943 quod
1400 881 1446 925 in
1468 897 1567 926 cor-

169 969 276 1014 pore
307 954 450 1000 anima
482 953 537 999 de
559 955 674 999 sonis
707 955 894 1015 patitur,
920 953 1040 999 aliud
1069 953 1238 1014 operari
1265 967 1471 997 numeros
1495 952 1567 997 vel

167 1024 426 1085 productius
446 1025 518 1071 vel
539 1027 795 1086 correptius,
821 1025 942 1071 aliud
964 1026 1044 1070 ista
1073 1024 1348 1080 meminisse,
1373 1022 1494 1068 aliud
1513 1024 1569 1069 de

167 1096 237 1140 his
257 1096 462 1142 omnibus
482 1096 554 1142 vel
576 1098 813 1142 annuendo
833 1096 904 1143 vel
926 1095 1205 1143 abhorrendo
1228 1096 1352 1158 quasi
1374 1094 1567 1158 quodam

167 1167 357 1213 naturali
374 1169 474 1229 jure
496 1167 586 1214 fere
608 1169 887 1214 sententiam.

225 1241 303 1283 VI.
339 1243 400 1285 M.
441 1242 533 1299 Age
574 1256 694 1285 nunc
709 1276 720 1296 ,
758 1239 828 1285 die
864 1240 972 1284 mihi
1012 1241 1212 1301 quinque
1252 1240 1411 1285 horum
1447 1239 1569 1300 quod

166 1311 353 1356 maxime
374 1312 571 1357 excellat.
598 1315 650 1356 D.
674 1315 768 1357 Hoe
794 1312 1001 1373 quintum
1022 1321 1148 1371 puto.
1175 1314 1236 1357 M.
1259 1315 1394 1356 Recte
1411 1320 1565 1371 putas:

165 1398 257 1428 non
293 1384 409 1427 enini
431 1383 486 1427 de
509 1382 593 1428 illis
625 1393 769 1444 posset
787 1419 797 1439 ‚
833 1384 916 1428 nisi
949 1382 1208 1439 excelleret,
1238 1382 1452 1443 judicare.
1481 1381 1568 1428 Sed

165 1470 313 1500 rursus
335 1471 486 1515 quaero
499 1489 514 1511 ,
542 1464 802 1500 caeterorum
832 1465 1024 1517 quatuor
1045 1455 1168 1516 quod
1185 1455 1372 1499 maxime
1389 1455 1563 1515 probes.

164 1530 217 1572 D.
245 1527 365 1572 Illud
390 1525 590 1588 profecto
613 1527 735 1589 quod
764 1537 828 1573 est
865 1528 912 1572 in
947 1528 1188 1586 memoria,
1219 1527 1323 1588 quia
1351 1527 1482 1572 video
1505 1526 1566 1571 ibi

165 1598 461 1643 diuturniores
483 1614 574 1643 esse
600 1614 829 1654 numeros,
855 1615 989 1660 quam
1022 1614 1124 1644 cum
1157 1608 1338 1654 sonant,
1372 1597 1443 1643 vel
1465 1613 1566 1643 cum

165 1671 423 1726 audiuntur,
443 1670 515 1716 vel
536 1687 639 1716 cum
660 1680 865 1730 aguntur.
886 1674 947 1716 M.
975 1671 1198 1731 Praeponis
1219 1686 1321 1730 ergo
1343 1670 1481 1716 factos
1499 1670 1566 1715 sa-

164 1742 382 1787 cientibus
404 1762 413 1788 2
438 1757 541 1787 nam
563 1743 681 1788 istos*
707 1743 783 1804 qui
816 1752 920 1788 sunt
940 1743 985 1787 in
1005 1742 1216 1788 memoria
1233 1778 1243 1798 ‚
1277 1743 1333 1787 ab
1364 1741 1448 1787 illis
1472 1742 1564 1787 aliis

164 1813 357 1875 imprimi
388 1813 522 1875 paulo
550 1824 652 1859 ante
684 1814 843 1859 dixisti.
881 1818 933 1859 D.
969 1813 1142 1861 Nollem
1170 1829 1427 1875 praeponere
1452 1833 1461 1860 :
1488 1813 1564 1858 sed

164 1901 312 1930 rursus
334 1884 558 1946 quomodo
586 1901 677 1931 non
706 1901 960 1946 praeponam
983 1885 1262 1931 diuturniora
1293 1886 1438 1930 minus
1460 1884 1563 1929 diu-

163 1957 325 2011 turnis,
351 1972 442 2002 non
479 1955 623 2001 video.
659 1960 720 2001 M.
746 1959 845 2003 Non
866 1966 909 2001 te
930 1956 1075 2003 isthuc
1097 1966 1286 2003 moveat.
1319 1959 1418 2003 Non
1447 1957 1563 2001 enim

163 2027 277 2072 sieut
298 2038 459 2072 aeterna
476 2025 791 2088 temporalibus
807 2063 818 2083 ,
845 2028 905 2072 ita
927 2043 977 2072 ea
999 2044 1099 2089 quae
1119 2027 1286 2074 diutius
1309 2027 1559 2083 abolentur,

163 2099 212 2142 iis
234 2113 334 2159 quae
370 2098 571 2143 breviore
604 2107 802 2158 tempore
825 2108 1075 2155 transeunt,
1116 2098 1389 2160 praeferenda
1426 2108 1558 2144 sunt:

163 2168 267 2229 quia
290 2177 334 2213 et
355 2169 513 2213 sanitas
531 2169 661 2213 unius
684 2169 770 2213 diei
792 2168 989 2229 profecto
1004 2180 1067 2215 est
1088 2170 1264 2227 melior,
1286 2186 1420 2232 quam
1441 2171 1560 2214 mul-

166 2251 312 2286 torum
335 2239 506 2285 dierum
532 2240 824 2286 imbecillitas.
852 2244 909 2286 Et
935 2242 969 2286 si
1000 2242 1190 2303 optanda
1213 2243 1414 2303 optandis
1434 2258 1558 2288 eom-

164 2328 389 2373 paremus,
427 2313 579 2358 melior
616 2323 679 2358 est
711 2314 840 2358 unius
873 2313 959 2359 diei
999 2314 1154 2371 lectio,
1199 2331 1332 2377 quam
1365 2315 1560 2376 plurium

164 2383 358 2444 scriptio,
383 2384 417 2428 si
440 2384 593 2430 eadem
615 2401 681 2430 res
702 2400 792 2430 uno
811 2385 882 2431 die
898 2385 1090 2446 legatur,
1111 2404 1212 2449 quae
1234 2386 1437 2448 pluribus
1454 2387 1559 2432 seri-

164 2456 299 2501 bitur.
338 2458 404 2501 Ita
425 2457 597 2501 numeri
625 2457 702 2518 qui
722 2466 825 2502 sunt
851 2457 898 2502 in
928 2459 1137 2504 memoria
1153 2495 1163 2515 ,
1185 2459 1264 2504 etsi
1280 2458 1443 2504 diutius
1462 2474 1558 2503 ma-

166 2536 272 2572 nent
292 2543 426 2588 quam
450 2527 565 2583 illi,a
581 2529 742 2589 quibus
758 2529 1096 2589 imprimuntur,
1123 2547 1212 2576 non
1227 2546 1298 2577 eos
1323 2541 1466 2576 tamen
1486 2546 1560 2575 an-
