1888 3168
699 207 820 234 mmm
853 206 907 232 DE
940 203 1169 233 MAGISTRO.
1546 193 1630 232 533

245 273 348 317 bilia
370 288 460 318 esse
476 287 708 332 cognosco.
729 275 841 316 Am.
859 272 976 325 Quid
998 287 1098 330 ergo
1118 273 1230 316 inter
1246 270 1439 316 audibile
1455 272 1629 332 signum

242 355 285 389 et
308 342 516 389 audibilia
542 343 778 401 significata
794 378 804 398 ,
829 358 929 404 quae
951 358 1099 386 rursus
1121 343 1243 403 signa
1266 352 1366 387 sunt
1384 378 1395 399 ,
1422 343 1631 388 interest?

243 418 326 461 AD.
369 418 489 459 Inter
521 412 632 458 illud
668 412 849 474 quidem
881 411 1001 475 quod
1029 412 1236 470 dicimus,
1262 429 1447 470 nomen,
1472 424 1516 459 et
1536 415 1631 460 haec

241 495 432 547 quatuor
453 501 552 546 quae
584 483 889 544 significationi
921 486 1013 546 ejus
1050 485 1314 545 subjecimus
1333 521 1343 541 ,
1368 486 1453 531 hoc
1474 485 1634 531 distare

241 558 392 613 video,
432 557 555 618 quod
576 556 688 602 illud
720 556 914 602 audibile
934 557 1107 616 signum
1126 565 1191 601 est
1212 557 1437 616 signorum
1465 558 1635 602 audibi-

239 629 349 673 lium
371 648 379 674 :
405 629 499 673 haec
522 644 625 674 vero
650 627 857 673 audibilia
880 627 1061 689 quidem
1082 628 1203 687 signa
1225 637 1350 684 sunt,
1374 644 1465 674 non
1486 637 1635 673 tamen

240 702 490 760 signorum,
517 701 592 745 sed
615 716 762 745 rerum
783 700 943 761 partim
964 699 1223 756 visibilium,
1249 700 1361 745 sicut
1382 710 1446 747 est
1462 704 1634 747 Romu-

240 771 306 817 lus
322 808 333 828 ,
376 776 514 818 Roma
528 808 539 829 ‚
580 773 764 831 fluvius,
806 772 965 834 partim
1004 771 1345 832 intelligibilium
1359 808 1371 830 ,
1423 773 1535 820 sicut
1572 783 1637 820 est

240 844 393 890 virtus.

299 919 377 961 IX.
403 919 517 962 Am.
543 917 723 977 Accipio
745 926 788 963 et
805 917 944 978 probo
963 936 971 963 :
990 917 1065 965 sed
1081 917 1236 963 scis—ne
1253 918 1398 963 omnia
1410 934 1510 979 quae
1529 933 1637 964 voce

239 989 467 1034 articulata
490 1005 593 1034 cum
615 988 763 1051 aliquo
792 990 1039 1049 significatu
1066 988 1368 1051 proferuntur,
1393 990 1528 1036 verba
1556 1005 1638 1051 ap-

237 1061 422 1121 pellari?
459 1063 542 1106 AD.
591 1061 704 1106 Scio.
748 1064 862 1106 Aue.
901 1063 1018 1120 Ergo
1048 1070 1092 1106 et
1124 1076 1287 1106 nomen
1321 1061 1508 1106 verbum
1547 1071 1635 1117 est,

237 1130 418 1192 quando
440 1129 621 1191 quidem
642 1131 689 1176 id
703 1131 904 1177 videmus
926 1147 1027 1176 cum
1040 1130 1188 1192 aliquo
1206 1131 1450 1192 significatu
1473 1131 1638 1177 articu-

238 1201 325 1246 lata
355 1217 463 1247 voce
491 1201 708 1262 proferri,
741 1212 785 1247 et
812 1217 913 1248 cum
947 1201 1132 1247 dicimus
1165 1202 1378 1247 disertum
1410 1203 1639 1247 hominem

237 1273 366 1318 bonis
386 1273 530 1318 verbis
548 1274 629 1330 uti,
656 1274 787 1318 etiam
806 1273 1059 1318 nominibus
1086 1274 1240 1334 utique
1262 1274 1430 1331 utitur,
1456 1283 1501 1318 et
1535 1289 1639 1319 cum

237 1344 329 1388 seni
351 1343 531 1389 domino
554 1344 674 1404 apud
698 1344 950 1388 Terentium
967 1359 1115 1389 servus
1137 1343 1302 1401 retulit,
1329 1343 1477 1390 Bona
1488 1345 1639 1389 verba

237 1417 440 1473 (lace'501,
466 1415 605 1459 multa
626 1414 700 1459 ille
720 1416 852 1459 etiam
879 1416 1057 1460 nomina
1080 1414 1261 1460 dixerat.
1287 1418 1370 1460 An.
1397 1417 1636 1461 Assentior.

237 1488 352 1530 Am.
385 1485 600 1531 Concedis
634 1484 768 1545 igitur
796 1485 846 1529 iis
879 1485 1052 1530 duabus
1092 1484 1270 1544 syllabis
1300 1502 1408 1547 quas
1437 1487 1637 1543 edimus,
1655 1517 1670 1523 --

243 1573 347 1602 cum
370 1556 576 1612 dicimus,
602 1557 812 1614 verbum,
843 1572 1006 1602 nomen
1028 1573 1209 1618 quoque
1232 1558 1489 1616 significari,
1515 1569 1559 1604 et
1581 1560 1641 1605 ob

237 1629 322 1674 1100
350 1627 464 1672 illud
492 1628 623 1689 hujus
661 1629 834 1687 signum
864 1643 970 1673 esse.
1004 1632 1087 1672 AD.
1124 1628 1347 1673 Concedo.
1390 1632 1505 1675 AUG.
1546 1632 1641 1677 Hoc

238 1715 418 1761 quoque
442 1698 705 1759 respondeas
737 1698 888 1744 velim.
904 1701 1018 1745 Cum
1031 1698 1221 1744 verbum
1234 1700 1407 1758 signum
1420 1701 1476 1747 sit
1495 1703 1641 1747 nomi-

238 1771 329 1827 nis,
355 1780 398 1814 et
426 1785 587 1814 nomen
609 1770 781 1828 signum
813 1769 867 1814 sit
888 1769 1082 1814 fluminis
1098 1805 1109 1825 ,
1135 1779 1179 1814 et
1203 1770 1371 1815 flumen
1388 1771 1564 1831 signum
1587 1774 1642 1820 sit

237 1842 316 1897 rei,
334 1857 433 1902 quae
449 1841 541 1901 jam
569 1839 707 1885 videri
736 1849 900 1900 potest,
921 1850 972 1885 ut
990 1841 1104 1885 inter
1124 1842 1238 1886 hanc
1261 1857 1354 1887 rem
1377 1852 1421 1888 et
1447 1844 1613 1890 flumen
1627 1882 1639 1903 ,

238 1911 285 1956 id
302 1921 381 1968 est,
403 1912 576 1970 signum
598 1913 691 1972 ejus
709 1947 720 1968 ,
749 1920 793 1955 et
814 1911 928 1956 inter
944 1912 1029 1957 hoc
1050 1912 1226 1971 signum
1248 1921 1292 1957 et
1313 1929 1499 1971 nomen,
1521 1917 1644 1977 quod

238 1984 370 2044 hujus
387 1982 500 2042 signi
522 1982 697 2041 signum
709 1992 773 2028 (est
795 1983 954 2039 dixisti,
981 1984 1090 2044 quid
1103 1984 1294 2041 intersit,
1315 1984 1425 2046 quid
1437 1986 1645 2033 interesse

242 2054 462 2098 arbitraris
480 2054 594 2097 inter
608 2054 783 2113 signum
800 2056 1004 2112 nominis,
1016 2055 1138 2117 quod
1153 2057 1339 2102 verbum
1355 2072 1445 2102 esse
1463 2074 1644 2120 compe-

242 2125 394 2181 rimus,
416 2134 460 2168 et
476 2125 620 2184 ipsum
637 2140 799 2169 nomen
823 2127 946 2187 cujus
964 2127 1136 2186 signum
1154 2129 1246 2173 est?
1262 2132 1345 2173 An.
1363 2131 1457 2174 Hoc
1482 2129 1644 2177 distare

242 2196 440 2254 intelligo
461 2195 583 2257 quod
600 2212 649 2241 ea
661 2232 672 2252 ,
691 2213 791 2258 quae
808 2198 1110 2257 significantur
1130 2200 1329 2257 nomine,
1354 2201 1485 2246 etiam
1505 2204 1643 2249 verbo

244 2267 560 2326 significantur,
577 2276 628 2312 ut
642 2267 758 2311 enim
773 2283 935 2313 nomen
948 2279 1012 2328 est
1026 2270 1227 2326 verbum,
1239 2271 1351 2315 itaet
1367 2271 1642 2318 ssumenver-

246 2339 355 2382 bum
375 2347 440 2381 est
459 2357 467 2382 :
488 2353 588 2398 quae
604 2347 751 2382 autem
768 2339 901 2384 verbo
915 2340 1234 2399 significantur,
1252 2357 1342 2386 non
1356 2342 1502 2387 omnia
1516 2343 1647 2402 signi-

247 2410 434 2453 ficantur
449 2418 492 2453 et
514 2409 708 2453 nomine.
726 2412 898 2455 Nam-et
918 2410 1046 2467 illud,
1067 2413 1124 2468 si,
1150 2412 1271 2473 quod
1292 2413 1338 2456 in
1353 2414 1493 2474 capite
1509 2414 1644 2459 habet

249 2480 325 2523 abs
352 2489 391 2523 tc
404 2480 648 2540 propositus
671 2496 834 2536 versus,
857 2491 900 2527 ct
916 2483 1016 2538 hoc,
1035 2499 1115 2539 ex,
1130 2483 1184 2529 de
1203 2500 1291 2545 quo
1303 2485 1393 2545 jam
1416 2483 1492 2529 diu
1506 2500 1640 2544 agen-

297 2572 306 2590 1
325 2567 452 2597 Tovem.
476 2566 504 2597 in
522 2565 648 2598 Andria.
