1888 3168
331 193 413 231 400
774 202 806 231 5.
845 205 1073 233 (1101511111
1107 206 1287 233 0111500111

326 270 439 313 rium
479 268 645 324 fecero,
670 270 866 330 sequitur
895 270 1086 326 iambus,
1114 271 1190 331 qui
1218 272 1488 332 temporibus
1521 291 1597 335 par
1621 286 1710 331 est,

323 340 397 384 scd
432 356 521 384 non
553 339 749 385 similiter
777 340 1027 401 plauditur:
1062 342 1095 387 si
1119 341 1345 401 dactylum
1362 378 1372 398 ,
1399 359 1490 389 non
1519 347 1714 406 sequitur

322 411 431 455 alius
448 430 458 454 ι
463 412 523 472 1111
541 411 579 455 ei
597 411 748 457 saltem
764 412 1032 472 temporibus
1046 422 1300 474 coaequetur
1314 433 1321 458 :
1337 414 1371 458 si
1391 415 1710 473 choriambum,

323 481 475 525 eadem
499 481 733 527 difficultas
757 492 847 540 est,
873 485 994 543 quod
1016 483 1133 527 enim
1155 493 1286 528 restat
1301 519 1312 540 ,
1333 500 1414 529 nec
1443 487 1713 546 temporibus

320 569 421 597 cum
442 569 514 608 co,
541 569 620 598 nec
638 553 793 614 plausu
815 554 1033 599 convenit.
1057 557 1200 609 Quare
1223 565 1300 600 aut
1316 556 1398 601 1100
1416 565 1606 601 metrum
1624 573 1714 603 non

320 633 405 679 est,
432 633 506 668 aut
528 623 685 669 falsum
709 634 772 669 est
793 625 913 686 quod
935 625 1048 669 inter
1068 641 1146 670 nos
1169 624 1223 670 de
1244 626 1407 686 pedum
1434 627 1713 688 copulatione

318 695 549 741 dissertum
572 706 659 740 est:
686 712 788 740 nam
810 695 919 757 quid
941 695 1059 741 aliud
1081 696 1222 741 dicam
1245 713 1335 742 non
1355 698 1546 744 invenio.

379 770 458 811 XV
464 771 498 812 Ι.
516 771 576 813 M.
599 771 789 811 Metrum
806 767 985 828 quidem
1003 784 1092 812 esse
1115 777 1158 812 et
1180 784 1231 813 eo
1251 769 1372 829 quod
1384 769 1482 830 plus
1505 779 1569 815 est
1581 787 1712 831 quam

318 855 414 899 pes,
443 849 699 901 certumque
731 840 863 884 finem
886 839 1042 895 habet,
1068 849 1111 884 et
1133 839 1325 900 ipsarum
1359 841 1530 886 aurium
1545 842 1712 902 judicio

317 911 605 955 convincitur.
632 914 731 956 Non
748 911 865 955 enim
889 920 978 955 tam
1001 911 1122 956 suavi
1144 921 1317 956 sonaret
1338 912 1610 972 sequalitate,
1637 923 1713 958 aut

317 993 441 1028 motu
463 992 553 1027 tam
576 983 791 1028 concinno
813 981 1097 1043 plauderetur
1111 1019 1121 1039 ,
1137 983 1170 1028 si
1192 999 1281 1029 non
1299 984 1456 1029 inesset
1469 985 1514 1029 in
1538 984 1613 1030 illo
1627 1001 1713 1029 nu-

255 1108 258 1109 ⁷
314 1055 536 1100 morositas
550 1091 560 1111 ,
577 1071 677 1116 quse
699 1053 897 1116 profecto
911 1070 1000 1099 esse
1022 1055 1102 1099 nisi
1115 1055 1161 1099 in
1184 1056 1265 1100 hac
1282 1065 1403 1116 parte
1421 1056 1600 1101 musicze
1621 1072 1712 1101 non

315 1136 473 1186 potest.
502 1127 628 1172 Falsa
649 1143 752 1172 vero
767 1142 856 1171 esse
873 1162 883 1182 ,
908 1143 1006 1187 quae
1020 1127 1133 1171 inter
1150 1142 1228 1171 nos
1245 1127 1535 1171 constiterunt
1552 1163 1563 1184 ,
1578 1128 1712 1173 miror

314 1198 435 1259 quod
459 1198 696 1243 existimes:
714 1214 803 1243 11011
821 1198 938 1241 0111111
961 1207 1036 1243 aut
1058 1199 1250 1243 numeris
1270 1198 1516 1260 quidquam
1538 1209 1601 1244 est
1622 1215 1712 1244 cer-

314 1269 397 1314 tius
416 1306 425 1324 ,
448 1279 523 1314 aut
545 1269 618 1314 illa
641 1269 807 1329 pedum
830 1270 1245 1314 commemoratione
1267 1279 1310 1314 et
1332 1269 1618 1315 collocatione
1640 1287 1711 1316 or-

313 1339 503 1386 dinatus.
545 1344 655 1387 Nam
693 1357 744 1385 ex
780 1341 872 1401 ipsa
903 1355 1189 1385 numerorum
1220 1342 1386 1386 ratione
1400 1378 1411 1398 ,
1453 1358 1553 1402 quae
1586 1340 1711 1387 nullo

312 1410 444 1456 modo
467 1410 604 1467 fallit,
631 1427 880 1471 expressum
903 1420 966 1456 est
989 1410 1209 1472 quidquid
1223 1410 1270 1454 in
1292 1411 1351 1455 eis
1374 1421 1418 1455 et
1436 1410 1492 1454 ad
1509 1411 1710 1456 mulcen-

312 1481 387 1526 das
407 1498 552 1537 aures,
574 1491 617 1526 et
639 1481 695 1526 ad
717 1481 1009 1526 obtinendum
1024 1482 1068 1525 in
1081 1481 1291 1538 rhythmo
1302 1481 1612 1541 principatum,
1630 1498 1708 1527 va-

311 1551 400 1596 lere
422 1553 717 1613 perspeximus
735 1573 743 1597 ;
761 1551 837 1597 sed
857 1552 957 1597 vide
979 1551 1123 1611 potius
1146 1567 1248 1596 eum
1265 1567 1379 1611 saepe
1396 1561 1561 1612 repeto,
1586 1552 1709 1613 Once

310 1624 486 1668 catulis
507 1621 594 1668 sub
626 1624 803 1675 antris,
829 1621 1148 1682 demulceoque
1170 1622 1250 1666 ista
1277 1622 1590 1666 numerositate
1609 1638 1708 1667 sen-

310 1711 409 1740 sum
426 1705 552 1740 tuum
569 1731 579 1751 ,
606 1694 715 1756 quid
735 1694 866 1739 distat
888 1694 1001 1738 inter
1022 1694 1108 1738 1100
1123 1729 1133 1748 ,
1156 1703 1200 1738 et
1221 1693 1255 1737 si
1278 1692 1485 1737 adderem
1506 1693 1562 1737 ad
1576 1694 1710 1738 finem

309 1766 440 1826 hujus
472 1766 652 1810 brevem
687 1764 879 1824 aliquam
913 1763 1151 1822 syllabam,
1181 1773 1225 1808 et
1263 1764 1368 1808 item
1400 1763 1518 1809 istud
1553 1764 1709 1809 eodem

311 1837 443 1882 modo
468 1846 731 1897 repeterem,
765 1836 887 1899 Quce
903 1834 1079 1879 canitis
1093 1832 1180 1878 sub
1203 1834 1426 1879 antrisve.
1452 1837 1505 1879 D.
1532 1824 1709 1880 Utrum-

311 1924 397 1969 que
420 1908 526 1952 mihi
543 1905 734 1968 jocunde
756 1905 953 1950 illabitur
975 1904 1153 1949 auribus
1173 1904 1281 1949 :hoc
1304 1914 1451 1949 tamen
1471 1905 1702 1965 posterius,

310 1980 381 2025 0111
403 1979 616 2038 syllabam
639 1977 845 2023 addidisti
865 1977 1041 2021 brevem
1056 2012 1066 2032 ,
1091 1976 1189 2036 plus
1213 1985 1360 2020 tenere
1382 1977 1507 2036 spatii
1529 1993 1578 2022 ac
1596 1987 1708 2022 tem-

310 2051 448 2112 poris,
466 2050 682 2113 siquidem
699 2048 870 2107 longius
892 2047 1059 2092 factum
1081 2057 1166 2103 est,
1188 2064 1321 2107 cogor
1342 2046 1482 2092 fateri.
1504 2052 1564 2092 M.
1589 2049 1707 2103 Quid

310 2138 411 2167 cum
447 2121 557 2166 illud
593 2120 811 2181 superius,
854 2119 976 2181 Quae
1014 2119 1190 2163 cccm'tz's
1224 2116 1311 2163 ,sub
1340 2119 1510 2171 antris,
1547 2119 1604 2164 ita
1638 2136 1706 2164 re·-

310 2205 411 2256 peto
427 2230 437 2250 ,
464 2203 514 2238 ut
536 2203 632 2254 post
666 2193 799 2236 finem
821 2190 932 2235 nihil
955 2190 1103 2235 sileam
1119 2226 1130 2247 ,
1151 2190 1387 2235 eadem-ne
1408 2190 1464 2235 ad
1485 2201 1528 2236 te
1544 2192 1703 2252 jocun-

309 2267 419 2311 ditas
441 2264 668 2326 pervenit?
689 2267 739 2308 D.
770 2267 864 2308 Imo
897 2262 1042 2306 nescio
1063 2260 1173 2322 quid
1196 2261 1404 2306 claudum
1445 2278 1516 2307 me
1557 2264 1701 2307 offen-

308 2336 394 2393 dit,
434 2337 514 2382 nisi
538 2335 651 2381 forte
672 2334 792 2379 illam
824 2333 1025 2378 ultimam
1061 2331 1159 2392 plus
1181 2348 1314 2393 quam
1342 2341 1520 2377 caeteras
1548 2332 1701 2393 longas

308 2407 576 2467 produxeris.
605 2409 667 2451 M.
695 2409 812 2465 Ergo
835 2404 921 2449 sive
947 2403 994 2447 id
1016 2403 1159 2463 ipsum
1181 2402 1366 2464 amplius
1389 2403 1511 2464 quod
1531 2402 1697 2464 produ-

307 2479 434 2533 citur,
461 2478 549 2523 sive
567 2478 687 2538 quod
706 2476 881 2531 siletur,
907 2489 1137 2520 censes-ne
1154 2474 1200 2518 in
1223 2482 1420 2534 tempore
1435 2474 1598 2520 habere
1620 2474 1699 2519 ali-

307 2550 414 2610 quid
432 2549 555 2609 spatii
571 2552 588 2593 ⁷)
605 2552 657 2594 D.
679 2548 766 2601 Qut
789 2546 912 2592 aliter
934 2546 1101 2605 potest?
