<?xml version="1.0" encoding="UTF-8"?>
<!DOCTYPE html PUBLIC "-//W3C//DTD XHTML 1.0 Transitional//EN"
    "http://www.w3.org/TR/xhtml1/DTD/xhtml1-transitional.dtd">
<html xmlns="http://www.w3.org/1999/xhtml" xml:lang="en" lang="en">
 <head>
  <title>
</title>
<meta http-equiv="Content-Type" content="text/html;charset=utf-8" />
  <meta name='ocr-system' content='tesseract 3.04.00' />
  <meta name='ocr-capabilities' content='ocr_page ocr_carea ocr_par ocr_line ocrx_word'/>
</head>
<body>
  <div class='ocr_page' id='page_1' title='image "./operaomniaaccura01auguuoft_0471.png"; bbox 0 0 1888 3168; ppageno 0'>
   <div class='ocr_carea' id='block_1_1' title="bbox 636 200 1548 242">
    <p class='ocr_par' dir='ltr' id='par_1_1' title="bbox 636 200 1548 242">
     <span class='ocr_line' id='line_1_1' title="bbox 636 200 1548 242; baseline 0.003 -3"><span class='ocrx_word' id='word_1_1' title='bbox 636 212 690 239; x_wconf 85' lang='lat' dir='ltr'>DE</span> <span class='ocrx_word' id='word_1_2' title='bbox 724 211 878 240; x_wconf 57' lang='lat' dir='ltr'>mustea</span> <span class='ocrx_word' id='word_1_3' title='bbox 912 213 995 239; x_wconf 73' lang='lat' dir='ltr'>Lm.</span> <span class='ocrx_word' id='word_1_4' title='bbox 1034 213 1074 240; x_wconf 88' lang='lat' dir='ltr'>v.</span> <span class='ocrx_word' id='word_1_5' title='bbox 1470 200 1548 242; x_wconf 80' lang='lat'>461</span> 
     </span>
    </p>
   </div>
   <div class='ocr_carea' id='block_1_2' title="bbox 148 277 1577 2274">
    <p class='ocr_par' dir='ltr' id='par_1_2' title="bbox 151 277 1559 1272">
     <span class='ocr_line' id='line_1_2' title="bbox 161 277 1555 342; baseline -0.001 -16"><span class='ocrx_word' id='word_1_6' title='bbox 161 281 250 326; x_wconf 85' lang='lat' dir='ltr'>sive</span> <span class='ocrx_word' id='word_1_7' title='bbox 273 291 442 342; x_wconf 77' lang='lat' dir='ltr'><strong>septem</strong></span> <span class='ocrx_word' id='word_1_8' title='bbox 467 289 510 324; x_wconf 89' lang='lat' dir='ltr'>et</span> <span class='ocrx_word' id='word_1_9' title='bbox 529 278 727 340; x_wconf 83' lang='lat' dir='ltr'>quinque</span> <span class='ocrx_word' id='word_1_10' title='bbox 749 277 1042 338; x_wconf 82' lang='lat' dir='ltr'>semipedibus</span> <span class='ocrx_word' id='word_1_11' title='bbox 1062 278 1259 323; x_wconf 83' lang='lat' dir='ltr'>membra</span> <span class='ocrx_word' id='word_1_12' title='bbox 1281 279 1327 323; x_wconf 89' lang='lat' dir='ltr'>in</span> <span class='ocrx_word' id='word_1_13' title='bbox 1354 280 1420 325; x_wconf 86' lang='lat' dir='ltr'>his</span> <span class='ocrx_word' id='word_1_14' title='bbox 1442 289 1555 324; x_wconf 89' lang='lat' dir='ltr'>tem-</span> 
     </span>
     <span class='ocr_line' id='line_1_3' title="bbox 160 348 1553 413; baseline -0.001 -16"><span class='ocrx_word' id='word_1_15' title='bbox 160 368 260 413; x_wconf 85' lang='lat' dir='ltr'>pera</span> <span class='ocrx_word' id='word_1_16' title='bbox 270 353 452 399; x_wconf 88' lang='lat' dir='ltr'>tioribus</span> <span class='ocrx_word' id='word_1_17' title='bbox 467 350 741 406; x_wconf 79' lang='lat' dir='ltr'>ordinentur,</span> <span class='ocrx_word' id='word_1_18' title='bbox 753 348 863 394; x_wconf 86' lang='lat' dir='ltr'>nihil</span> <span class='ocrx_word' id='word_1_19' title='bbox 875 349 1054 394; x_wconf 87' lang='lat' dir='ltr'>interest</span> <span class='ocrx_word' id='word_1_20' title='bbox 1071 366 1079 390; x_wconf 75' lang='grc' dir='ltr'>ε</span> <span class='ocrx_word' id='word_1_21' title='bbox 1096 360 1252 395; x_wconf 89' lang='lat' dir='ltr'>neutro</span> <span class='ocrx_word' id='word_1_22' title='bbox 1266 352 1381 395; x_wconf 88' lang='lat' dir='ltr'>enim</span> <span class='ocrx_word' id='word_1_23' title='bbox 1394 353 1553 397; x_wconf 89' lang='lat' dir='ltr'>horum</span> 
     </span>
     <span class='ocr_line' id='line_1_4' title="bbox 160 420 1548 481; baseline -0.001 -13"><span class='ocrx_word' id='word_1_24' title='bbox 160 423 313 468; x_wconf 83' lang='lat' dir='ltr'>ordine</span> <span class='ocrx_word' id='word_1_25' title='bbox 335 422 532 469; x_wconf 90' lang='lat' dir='ltr'>converti</span> <span class='ocrx_word' id='word_1_26' title='bbox 565 436 714 466; x_wconf 90' lang='lat' dir='ltr'>versus</span> <span class='ocrx_word' id='word_1_27' title='bbox 739 429 883 481; x_wconf 85' lang='lat' dir='ltr'>potest</span> <span class='ocrx_word' id='word_1_28' title='bbox 907 420 999 464; x_wconf 91' lang='lat' dir='ltr'>sine</span> <span class='ocrx_word' id='word_1_29' title='bbox 1028 429 1150 464; x_wconf 85' lang='lat' dir='ltr'>tanta</span> <span class='ocrx_word' id='word_1_30' title='bbox 1182 423 1548 479; x_wconf 87' lang='lat' dir='ltr'>commutatione,</span> 
     </span>
     <span class='ocr_line' id='line_1_5' title="bbox 160 490 1552 556; baseline -0.001 -16"><span class='ocrx_word' id='word_1_31' title='bbox 160 505 210 540; x_wconf 84' lang='lat' dir='ltr'>ut</span> <span class='ocrx_word' id='word_1_32' title='bbox 227 495 319 539; x_wconf 84' lang='lat' dir='ltr'>aliis</span> <span class='ocrx_word' id='word_1_33' title='bbox 336 494 523 556; x_wconf 85' lang='lat' dir='ltr'>pedibus</span> <span class='ocrx_word' id='word_1_34' title='bbox 546 508 720 537; x_wconf 85' lang='lat' dir='ltr'>currere.</span> <span class='ocrx_word' id='word_1_35' title='bbox 738 491 954 537; x_wconf 85' lang='lat' dir='ltr'>videatur.</span> <span class='ocrx_word' id='word_1_36' title='bbox 977 494 1030 535; x_wconf 94' lang='lat' dir='ltr'>In</span> <span class='ocrx_word' id='word_1_37' title='bbox 1053 490 1135 536; x_wconf 89' lang='lat' dir='ltr'>illis</span> <span class='ocrx_word' id='word_1_38' title='bbox 1156 502 1303 536; x_wconf 86' lang='lat' dir='ltr'>autem</span> <span class='ocrx_word' id='word_1_39' title='bbox 1334 494 1552 540; x_wconf 87' lang='lat' dir='ltr'>sicarmen</span> 
     </span>
     <span class='ocr_line' id='line_1_6' title="bbox 159 563 1554 627; baseline -0.001 -16"><span class='ocrx_word' id='word_1_40' title='bbox 159 575 355 627; x_wconf 85' lang='lat' dir='ltr'>coeptum</span> <span class='ocrx_word' id='word_1_41' title='bbox 383 565 465 610; x_wconf 86' lang='lat' dir='ltr'>erit</span> <span class='ocrx_word' id='word_1_42' title='bbox 495 564 657 609; x_wconf 86' lang='lat' dir='ltr'>talibus</span> <span class='ocrx_word' id='word_1_43' title='bbox 692 563 888 610; x_wconf 87' lang='lat' dir='ltr'>versibus</span> <span class='ocrx_word' id='word_1_44' title='bbox 906 599 917 619; x_wconf 90' lang='lat'>,</span> <span class='ocrx_word' id='word_1_45' title='bbox 948 578 1137 624; x_wconf 84' lang='lat' dir='ltr'>quorum</span> <span class='ocrx_word' id='word_1_46' title='bbox 1179 563 1323 624; x_wconf 85' lang='lat' dir='ltr'>priora</span> <span class='ocrx_word' id='word_1_47' title='bbox 1357 565 1554 610; x_wconf 87' lang='lat' dir='ltr'>membra</span> 
     </span>
     <span class='ocr_line' id='line_1_7' title="bbox 159 635 1554 699; baseline 0 -18"><span class='ocrx_word' id='word_1_48' title='bbox 159 637 316 699; x_wconf 88' lang='lat' dir='ltr'>quinos</span> <span class='ocrx_word' id='word_1_49' title='bbox 340 635 580 697; x_wconf 86' lang='lat' dir='ltr'>semipedes</span> <span class='ocrx_word' id='word_1_50' title='bbox 612 635 820 691; x_wconf 79' lang='lat' dir='ltr'>habeant,</span> <span class='ocrx_word' id='word_1_51' title='bbox 853 650 944 680; x_wconf 92' lang='lat' dir='ltr'>non</span> <span class='ocrx_word' id='word_1_52' title='bbox 973 643 1173 695; x_wconf 81' lang='lat' dir='ltr'>oporteat</span> <span class='ocrx_word' id='word_1_53' title='bbox 1200 650 1272 680; x_wconf 90' lang='lat' dir='ltr'>eos</span> <span class='ocrx_word' id='word_1_54' title='bbox 1306 635 1486 681; x_wconf 88' lang='lat' dir='ltr'>miscere</span> <span class='ocrx_word' id='word_1_55' title='bbox 1509 637 1554 681; x_wconf 90' lang='lat' dir='ltr'>in</span> 
     </span>
     <span class='ocr_line' id='line_1_8' title="bbox 159 705 1554 771; baseline -0.001 -17"><span class='ocrx_word' id='word_1_56' title='bbox 159 709 320 771; x_wconf 85' lang='lat' dir='ltr'>quibus</span> <span class='ocrx_word' id='word_1_57' title='bbox 348 709 515 770; x_wconf 87' lang='lat' dir='ltr'>septeni</span> <span class='ocrx_word' id='word_1_58' title='bbox 533 709 697 769; x_wconf 85' lang='lat' dir='ltr'>priores</span> <span class='ocrx_word' id='word_1_59' title='bbox 721 716 838 763; x_wconf 86' lang='lat' dir='ltr'>sunt,</span> <span class='ocrx_word' id='word_1_60' title='bbox 860 722 915 751; x_wconf 91' lang='lat' dir='ltr'>ne</span> <span class='ocrx_word' id='word_1_61' title='bbox 930 707 1022 768; x_wconf 87' lang='lat' dir='ltr'>jam</span> <span class='ocrx_word' id='word_1_62' title='bbox 1042 705 1172 751; x_wconf 85' lang='lat' dir='ltr'>liceat</span> <span class='ocrx_word' id='word_1_63' title='bbox 1199 722 1350 751; x_wconf 90' lang='lat' dir='ltr'>omnes</span> <span class='ocrx_word' id='word_1_64' title='bbox 1368 724 1554 753; x_wconf 90' lang='lat' dir='ltr'>conver-</span> 
     </span>
     <span class='ocr_line' id='line_1_9' title="bbox 160 778 1555 841; baseline -0.001 -14"><span class='ocrx_word' id='word_1_65' title='bbox 160 791 251 827; x_wconf 88' lang='lat' dir='ltr'>tere</span> <span class='ocrx_word' id='word_1_66' title='bbox 277 801 286 828; x_wconf 72' lang='grc' dir='ltr'><strong>ι</strong></span> <span class='ocrx_word' id='word_1_67' title='bbox 313 798 405 827; x_wconf 91' lang='lat' dir='ltr'>non</span> <span class='ocrx_word' id='word_1_68' title='bbox 426 781 543 827; x_wconf 88' lang='lat' dir='ltr'>enim</span> <span class='ocrx_word' id='word_1_69' title='bbox 567 798 590 826; x_wconf 85' lang='lat' dir='ltr'>a</span> <span class='ocrx_word' id='word_1_70' title='bbox 619 780 902 826; x_wconf 85' lang='lat' dir='ltr'>conversione</span> <span class='ocrx_word' id='word_1_71' title='bbox 927 788 1099 824; x_wconf 88' lang='lat' dir='ltr'>revocat</span> <span class='ocrx_word' id='word_1_72' title='bbox 1131 778 1222 825; x_wconf 88' lang='lat' dir='ltr'>ulla</span> <span class='ocrx_word' id='word_1_73' title='bbox 1243 780 1409 841; x_wconf 85' lang='lat' dir='ltr'>pedum</span> <span class='ocrx_word' id='word_1_74' title='bbox 1432 797 1555 825; x_wconf 88' lang='lat' dir='ltr'>com-</span> 
     </span>
     <span class='ocr_line' id='line_1_10' title="bbox 159 851 1559 913; baseline -0.002 -13"><span class='ocrx_word' id='word_1_75' title='bbox 159 855 360 900; x_wconf 78' lang='lat' dir='ltr'>mutatio.</span> <span class='ocrx_word' id='word_1_76' title='bbox 396 853 481 901; x_wconf 90' lang='lat' dir='ltr'>Sed</span> <span class='ocrx_word' id='word_1_77' title='bbox 503 864 650 899; x_wconf 88' lang='lat' dir='ltr'>tamen</span> <span class='ocrx_word' id='word_1_78' title='bbox 670 853 858 899; x_wconf 75' lang='lat' dir='ltr'>heroicis</span> <span class='ocrx_word' id='word_1_79' title='bbox 892 851 1149 898; x_wconf 85' lang='lat' dir='ltr'>conceditur</span> <span class='ocrx_word' id='word_1_80' title='bbox 1170 851 1386 913; x_wconf 87' lang='lat' dir='ltr'>spondeos</span> <span class='ocrx_word' id='word_1_81' title='bbox 1409 869 1559 898; x_wconf 88' lang='lat' dir='ltr'>omnes</span> 
     </span>
     <span class='ocr_line' id='line_1_11' title="bbox 152 924 1557 988; baseline 0 -18"><span class='ocrx_word' id='word_1_82' title='bbox 152 926 367 971; x_wconf 83' lang='lat' dir='ltr'>rarissime</span> <span class='ocrx_word' id='word_1_83' title='bbox 396 926 699 988; x_wconf 80' lang='lat' dir='ltr'>interponere,</span> <span class='ocrx_word' id='word_1_84' title='bbox 729 924 851 987; x_wconf 86' lang='lat' dir='ltr'>quod</span> <span class='ocrx_word' id='word_1_85' title='bbox 883 924 1064 986; x_wconf 89' lang='lat' dir='ltr'>quidem</span> <span class='ocrx_word' id='word_1_86' title='bbox 1089 924 1304 984; x_wconf 86' lang='lat' dir='ltr'>posterior</span> <span class='ocrx_word' id='word_1_87' title='bbox 1331 934 1435 970; x_wconf 69' lang='lat' dir='ltr'>{etas</span> <span class='ocrx_word' id='word_1_88' title='bbox 1464 925 1557 970; x_wconf 83' lang='lat' dir='ltr'>haec</span> 
     </span>
     <span class='ocr_line' id='line_1_12' title="bbox 152 995 1554 1059; baseline -0.001 -17"><span class='ocrx_word' id='word_1_89' title='bbox 152 1007 300 1043; x_wconf 84' lang='lat' dir='ltr'>nostra</span> <span class='ocrx_word' id='word_1_90' title='bbox 321 997 501 1042; x_wconf 91' lang='lat' dir='ltr'>minime</span> <span class='ocrx_word' id='word_1_91' title='bbox 530 997 749 1059; x_wconf 88' lang='lat' dir='ltr'>probavit.</span> <span class='ocrx_word' id='word_1_92' title='bbox 784 995 1034 1041; x_wconf 79' lang='lat' dir='ltr'>Trocha‘i&#39;cis</span> <span class='ocrx_word' id='word_1_93' title='bbox 1060 1004 1207 1040; x_wconf 86' lang='lat' dir='ltr'>autem</span> <span class='ocrx_word' id='word_1_94' title='bbox 1229 995 1318 1041; x_wconf 88' lang='lat' dir='ltr'>sive</span> <span class='ocrx_word' id='word_1_95' title='bbox 1341 995 1554 1052; x_wconf 83' lang='lat' dir='ltr'>iambicis,</span> 
     </span>
     <span class='ocr_line' id='line_1_13' title="bbox 152 1065 1553 1130; baseline -0.001 -16"><span class='ocrx_word' id='word_1_96' title='bbox 152 1085 254 1114; x_wconf 88' lang='lat' dir='ltr'>cum</span> <span class='ocrx_word' id='word_1_97' title='bbox 276 1068 433 1130; x_wconf 88' lang='lat' dir='ltr'>pedem</span> <span class='ocrx_word' id='word_1_98' title='bbox 457 1069 730 1114; x_wconf 83' lang='lat' dir='ltr'>tribrachum</span> <span class='ocrx_word' id='word_1_99' title='bbox 758 1066 959 1129; x_wconf 89' lang='lat' dir='ltr'>quolibet</span> <span class='ocrx_word' id='word_1_100' title='bbox 974 1065 1075 1112; x_wconf 93' lang='lat' dir='ltr'>loco</span> <span class='ocrx_word' id='word_1_101' title='bbox 1098 1067 1378 1128; x_wconf 87' lang='lat' dir='ltr'>interponere</span> <span class='ocrx_word' id='word_1_102' title='bbox 1404 1067 1553 1124; x_wconf 88' lang='lat' dir='ltr'>liceat,</span> 
     </span>
     <span class='ocr_line' id='line_1_14' title="bbox 151 1138 1556 1201; baseline -0.001 -16"><span class='ocrx_word' id='word_1_103' title='bbox 151 1140 316 1185; x_wconf 88' lang='lat' dir='ltr'>habere</span> <span class='ocrx_word' id='word_1_104' title='bbox 339 1150 489 1185; x_wconf 87' lang='lat' dir='ltr'>tamen</span> <span class='ocrx_word' id='word_1_105' title='bbox 511 1140 557 1184; x_wconf 90' lang='lat' dir='ltr'>in</span> <span class='ocrx_word' id='word_1_106' title='bbox 570 1139 873 1201; x_wconf 83' lang='lat' dir='ltr'>hujuscemodi</span> <span class='ocrx_word' id='word_1_107' title='bbox 890 1139 1158 1185; x_wconf 77' lang='lat' dir='ltr'>carminibus</span> <span class='ocrx_word' id='word_1_108' title='bbox 1176 1155 1351 1185; x_wconf 90' lang='lat' dir='ltr'>versum</span> <span class='ocrx_word' id='word_1_109' title='bbox 1364 1138 1556 1185; x_wconf 86' lang='lat' dir='ltr'>solutum</span> 
     </span>
     <span class='ocr_line' id='line_1_15' title="bbox 151 1210 1253 1272; baseline 0.001 -17"><span class='ocrx_word' id='word_1_110' title='bbox 151 1211 198 1256; x_wconf 93' lang='lat' dir='ltr'>in</span> <span class='ocrx_word' id='word_1_111' title='bbox 220 1228 370 1257; x_wconf 92' lang='lat' dir='ltr'>omnes</span> <span class='ocrx_word' id='word_1_112' title='bbox 391 1212 565 1268; x_wconf 82' lang='lat' dir='ltr'>breves,</span> <span class='ocrx_word' id='word_1_113' title='bbox 591 1212 892 1272; x_wconf 89' lang='lat' dir='ltr'>turpissimum</span> <span class='ocrx_word' id='word_1_114' title='bbox 912 1210 1158 1271; x_wconf 81' lang='lat' dir='ltr'>judicatum</span> <span class='ocrx_word' id='word_1_115' title='bbox 1176 1221 1253 1256; x_wconf 88' lang='lat' dir='ltr'>est.</span> 
     </span>
    </p>

    <p class='ocr_par' dir='ltr' id='par_1_3' title="bbox 148 1282 1577 2274">
     <span class='ocr_line' id='line_1_16' title="bbox 208 1282 1556 1343; baseline -0.001 -15"><span class='ocrx_word' id='word_1_116' title='bbox 208 1287 356 1329; x_wconf 84' lang='lat' dir='ltr'>XXII.</span> <span class='ocrx_word' id='word_1_117' title='bbox 393 1284 591 1329; x_wconf 87' lang='lat' dir='ltr'>Remotis</span> <span class='ocrx_word' id='word_1_118' title='bbox 614 1283 746 1342; x_wconf 76' lang='lat' dir='ltr'>igitur</span> <span class='ocrx_word' id='word_1_119' title='bbox 767 1282 953 1343; x_wconf 87' lang='lat' dir='ltr'>epitritis</span> <span class='ocrx_word' id='word_1_120' title='bbox 975 1282 1161 1343; x_wconf 84' lang='lat' dir='ltr'>pedibus</span> <span class='ocrx_word' id='word_1_121' title='bbox 1184 1300 1207 1327; x_wconf 88' lang='lat' dir='ltr'>a</span> <span class='ocrx_word' id='word_1_122' title='bbox 1230 1282 1327 1343; x_wconf 79' lang='lat' dir='ltr'>lege</span> <span class='ocrx_word' id='word_1_123' title='bbox 1348 1299 1556 1328; x_wconf 87' lang='lat' dir='ltr'>versuum</span> 
     </span>
     <span class='ocr_line' id='line_1_17' title="bbox 155 1354 1551 1416; baseline -0.001 -16"><span class='ocrx_word' id='word_1_124' title='bbox 155 1356 337 1412; x_wconf 87' lang='lat' dir='ltr'>senaria,</span> <span class='ocrx_word' id='word_1_125' title='bbox 375 1372 465 1401; x_wconf 91' lang='lat' dir='ltr'>non</span> <span class='ocrx_word' id='word_1_126' title='bbox 500 1355 640 1400; x_wconf 92' lang='lat' dir='ltr'>solum</span> <span class='ocrx_word' id='word_1_127' title='bbox 670 1355 791 1416; x_wconf 80' lang='lat' dir='ltr'>quod</span> <span class='ocrx_word' id='word_1_128' title='bbox 825 1355 980 1399; x_wconf 84' lang='lat' dir='ltr'>solutae</span> <span class='ocrx_word' id='word_1_129' title='bbox 1003 1354 1187 1399; x_wconf 90' lang='lat' dir='ltr'>orationi</span> <span class='ocrx_word' id='word_1_130' title='bbox 1211 1364 1314 1399; x_wconf 86' lang='lat' dir='ltr'>sunt</span> <span class='ocrx_word' id='word_1_131' title='bbox 1343 1355 1551 1415; x_wconf 81' lang='lat' dir='ltr'>aptiores,</span> 
     </span>
     <span class='ocr_line' id='line_1_18' title="bbox 148 1426 1555 1488; baseline -0.001 -16"><span class='ocrx_word' id='word_1_132' title='bbox 148 1428 437 1473; x_wconf 86' lang='lat' dir='ltr'>verumetiam</span> <span class='ocrx_word' id='word_1_133' title='bbox 467 1427 588 1488; x_wconf 88' lang='lat' dir='ltr'>quod</span> <span class='ocrx_word' id='word_1_134' title='bbox 612 1428 645 1471; x_wconf 87' lang='lat' dir='ltr'>si</span> <span class='ocrx_word' id='word_1_135' title='bbox 669 1444 740 1472; x_wconf 83' lang='lat' dir='ltr'>sex</span> <span class='ocrx_word' id='word_1_136' title='bbox 762 1427 951 1483; x_wconf 78' lang='lat' dir='ltr'>fuerint,</span> <span class='ocrx_word' id='word_1_137' title='bbox 978 1427 1156 1486; x_wconf 79' lang='lat' dir='ltr'>triginta</span> <span class='ocrx_word' id='word_1_138' title='bbox 1175 1436 1217 1471; x_wconf 84' lang='lat' dir='ltr'>et</span> <span class='ocrx_word' id='word_1_139' title='bbox 1243 1426 1333 1472; x_wconf 90' lang='lat' dir='ltr'>duo</span> <span class='ocrx_word' id='word_1_140' title='bbox 1357 1436 1555 1488; x_wconf 86' lang='lat' dir='ltr'>tempora</span> 
     </span>
     <span class='ocr_line' id='line_1_19' title="bbox 149 1497 1554 1559; baseline -0.001 -15"><span class='ocrx_word' id='word_1_141' title='bbox 149 1499 383 1554; x_wconf 79' lang='lat' dir='ltr'>excedunt,</span> <span class='ocrx_word' id='word_1_142' title='bbox 402 1499 514 1545; x_wconf 89' lang='lat' dir='ltr'>sicut</span> <span class='ocrx_word' id='word_1_143' title='bbox 537 1498 767 1558; x_wconf 84' lang='lat' dir='ltr'>dispondei</span> <span class='ocrx_word' id='word_1_144' title='bbox 790 1517 798 1543; x_wconf 89' lang='lat'>:</span> <span class='ocrx_word' id='word_1_145' title='bbox 825 1498 1001 1542; x_wconf 89' lang='lat' dir='ltr'>remotis</span> <span class='ocrx_word' id='word_1_146' title='bbox 1024 1497 1155 1542; x_wconf 88' lang='lat' dir='ltr'>etiam</span> <span class='ocrx_word' id='word_1_147' title='bbox 1173 1497 1361 1558; x_wconf 85' lang='lat' dir='ltr'>quinum</span> <span class='ocrx_word' id='word_1_148' title='bbox 1379 1507 1554 1559; x_wconf 88' lang='lat' dir='ltr'>tempo-</span> 
     </span>
     <span class='ocr_line' id='line_1_20' title="bbox 150 1568 1577 1631; baseline 0 -17"><span class='ocrx_word' id='word_1_149' title='bbox 150 1585 248 1614; x_wconf 90' lang='lat' dir='ltr'>rum</span> <span class='ocrx_word' id='word_1_150' title='bbox 270 1569 473 1631; x_wconf 88' lang='lat' dir='ltr'>pedibus,</span> <span class='ocrx_word' id='word_1_151' title='bbox 499 1569 622 1630; x_wconf 85' lang='lat' dir='ltr'>quod</span> <span class='ocrx_word' id='word_1_152' title='bbox 644 1568 727 1613; x_wconf 85' lang='lat' dir='ltr'>sibi</span> <span class='ocrx_word' id='word_1_153' title='bbox 750 1585 821 1613; x_wconf 91' lang='lat' dir='ltr'>eos</span> <span class='ocrx_word' id='word_1_154' title='bbox 853 1568 1062 1613; x_wconf 88' lang='lat' dir='ltr'>libentius</span> <span class='ocrx_word' id='word_1_155' title='bbox 1084 1569 1141 1613; x_wconf 84' lang='lat' dir='ltr'>ad</span> <span class='ocrx_word' id='word_1_156' title='bbox 1163 1569 1380 1614; x_wconf 87' lang='lat' dir='ltr'>clausulas</span> <span class='ocrx_word' id='word_1_157' title='bbox 1409 1570 1555 1614; x_wconf 85' lang='lat' dir='ltr'>vindi-</span> <span class='ocrx_word' id='word_1_158' title='bbox 1575 1586 1577 1588; x_wconf 87' lang='lat'>·</span> 
     </span>
     <span class='ocr_line' id='line_1_21' title="bbox 149 1639 1548 1701; baseline 0.001 -16"><span class='ocrx_word' id='word_1_159' title='bbox 149 1642 262 1685; x_wconf 85' lang='lat' dir='ltr'>cavit</span> <span class='ocrx_word' id='word_1_160' title='bbox 292 1641 430 1685; x_wconf 86' lang='lat' dir='ltr'>oratio</span> <span class='ocrx_word' id='word_1_161' title='bbox 467 1660 476 1685; x_wconf 73' lang='grc' dir='ltr'>ε</span> <span class='ocrx_word' id='word_1_162' title='bbox 513 1640 709 1684; x_wconf 89' lang='lat' dir='ltr'>molossis</span> <span class='ocrx_word' id='word_1_163' title='bbox 738 1640 843 1684; x_wconf 87' lang='lat' dir='ltr'>item</span> <span class='ocrx_word' id='word_1_164' title='bbox 885 1649 929 1684; x_wconf 84' lang='lat' dir='ltr'>et</span> <span class='ocrx_word' id='word_1_165' title='bbox 959 1639 1051 1684; x_wconf 88' lang='lat' dir='ltr'>aliis</span> <span class='ocrx_word' id='word_1_166' title='bbox 1086 1649 1338 1701; x_wconf 89' lang='lat' dir='ltr'>temporum</span> <span class='ocrx_word' id='word_1_167' title='bbox 1371 1657 1548 1698; x_wconf 86' lang='lat' dir='ltr'>senum,</span> 
     </span>
     <span class='ocr_line' id='line_1_22' title="bbox 149 1710 1552 1774; baseline 0.001 -18"><span class='ocrx_word' id='word_1_168' title='bbox 149 1711 346 1774; x_wconf 84' lang='lat' dir='ltr'>quamvis</span> <span class='ocrx_word' id='word_1_169' title='bbox 363 1711 410 1756; x_wconf 86' lang='lat' dir='ltr'>in</span> <span class='ocrx_word' id='word_1_170' title='bbox 427 1710 641 1772; x_wconf 71' lang='lat' dir='ltr'>poematis</span> <span class='ocrx_word' id='word_1_171' title='bbox 663 1711 968 1756; x_wconf 85' lang='lat' dir='ltr'>venustissime</span> <span class='ocrx_word' id='word_1_172' title='bbox 986 1711 1190 1771; x_wconf 78' lang='lat' dir='ltr'>vigeant,</span> <span class='ocrx_word' id='word_1_173' title='bbox 1216 1713 1271 1758; x_wconf 88' lang='lat' dir='ltr'>ab</span> <span class='ocrx_word' id='word_1_174' title='bbox 1294 1714 1378 1758; x_wconf 88' lang='lat' dir='ltr'>hoc</span> <span class='ocrx_word' id='word_1_175' title='bbox 1395 1713 1448 1757; x_wconf 87' lang='lat' dir='ltr'>dc</span> <span class='ocrx_word' id='word_1_176' title='bbox 1462 1729 1552 1774; x_wconf 85' lang='lat' dir='ltr'>quo</span> 
     </span>
     <span class='ocr_line' id='line_1_23' title="bbox 149 1782 1551 1844; baseline 0 -15"><span class='ocrx_word' id='word_1_177' title='bbox 149 1799 268 1830; x_wconf 86' lang='lat' dir='ltr'>nunc</span> <span class='ocrx_word' id='word_1_178' title='bbox 290 1783 457 1842; x_wconf 82' lang='lat' dir='ltr'>agimus</span> <span class='ocrx_word' id='word_1_179' title='bbox 480 1798 666 1828; x_wconf 86' lang='lat' dir='ltr'>numero</span> <span class='ocrx_word' id='word_1_180' title='bbox 690 1793 942 1844; x_wconf 89' lang='lat' dir='ltr'>temporum</span> <span class='ocrx_word' id='word_1_181' title='bbox 965 1782 1147 1828; x_wconf 74' lang='lat' dir='ltr'>exclusis</span> <span class='ocrx_word' id='word_1_182' title='bbox 1167 1802 1178 1835; x_wconf 77' lang='lat'><em>3</em></span> <span class='ocrx_word' id='word_1_183' title='bbox 1204 1794 1370 1829; x_wconf 84' lang='lat' dir='ltr'>restant</span> <span class='ocrx_word' id='word_1_184' title='bbox 1402 1801 1551 1830; x_wconf 84' lang='lat' dir='ltr'>versus</span> 
     </span>
     <span class='ocr_line' id='line_1_24' title="bbox 150 1854 1551 1916; baseline 0.001 -16"><span class='ocrx_word' id='word_1_185' title='bbox 150 1855 350 1901; x_wconf 89' lang='lat' dir='ltr'>omnium</span> <span class='ocrx_word' id='word_1_186' title='bbox 387 1854 590 1900; x_wconf 88' lang='lat' dir='ltr'>brevium</span> <span class='ocrx_word' id='word_1_187' title='bbox 627 1854 918 1914; x_wconf 79' lang='lat' dir='ltr'>syllabarum,</span> <span class='ocrx_word' id='word_1_188' title='bbox 946 1855 1021 1916; x_wconf 82' lang='lat' dir='ltr'>qui</span> <span class='ocrx_word' id='word_1_189' title='bbox 1060 1855 1129 1901; x_wconf 85' lang='lat' dir='ltr'>vel</span> <span class='ocrx_word' id='word_1_190' title='bbox 1170 1856 1446 1916; x_wconf 64' lang='lat' dir='ltr'>pyrrhichios</span> <span class='ocrx_word' id='word_1_191' title='bbox 1482 1856 1551 1901; x_wconf 80' lang='lat' dir='ltr'>vel</span> 
     </span>
     <span class='ocr_line' id='line_1_25' title="bbox 149 1925 1550 1989; baseline 0 -17"><span class='ocrx_word' id='word_1_192' title='bbox 149 1927 541 1989; x_wconf 86' lang='lat' dir='ltr'>proceleumaticos</span> <span class='ocrx_word' id='word_1_193' title='bbox 570 1925 642 1972; x_wconf 87' lang='lat' dir='ltr'>vel</span> <span class='ocrx_word' id='word_1_194' title='bbox 670 1926 913 1972; x_wconf 86' lang='lat' dir='ltr'>tribrachos</span> <span class='ocrx_word' id='word_1_195' title='bbox 935 1927 1122 1982; x_wconf 85' lang='lat' dir='ltr'>habent,</span> <span class='ocrx_word' id='word_1_196' title='bbox 1153 1936 1197 1972; x_wconf 88' lang='lat' dir='ltr'>et</span> <span class='ocrx_word' id='word_1_197' title='bbox 1226 1928 1426 1973; x_wconf 86' lang='lat' dir='ltr'>omnium</span> <span class='ocrx_word' id='word_1_198' title='bbox 1455 1928 1550 1973; x_wconf 89' lang='lat' dir='ltr'>lon-</span> 
     </span>
     <span class='ocr_line' id='line_1_26' title="bbox 151 1996 1551 2060; baseline 0 -16"><span class='ocrx_word' id='word_1_199' title='bbox 151 2014 304 2059; x_wconf 80' lang='lat' dir='ltr'>garum</span> <span class='ocrx_word' id='word_1_200' title='bbox 352 1998 429 2060; x_wconf 86' lang='lat' dir='ltr'>qui</span> <span class='ocrx_word' id='word_1_201' title='bbox 470 1996 700 2058; x_wconf 86' lang='lat' dir='ltr'>spondeos.</span> <span class='ocrx_word' id='word_1_202' title='bbox 745 1998 830 2052; x_wconf 88' lang='lat' dir='ltr'>Qui</span> <span class='ocrx_word' id='word_1_203' title='bbox 871 2014 1127 2060; x_wconf 83' lang='lat' dir='ltr'>quanquam</span> <span class='ocrx_word' id='word_1_204' title='bbox 1171 1998 1459 2044; x_wconf 84' lang='lat' dir='ltr'>admittantur</span> <span class='ocrx_word' id='word_1_205' title='bbox 1495 2000 1551 2044; x_wconf 87' lang='lat' dir='ltr'>ad</span> 
     </span>
     <span class='ocr_line' id='line_1_27' title="bbox 149 2069 1551 2131; baseline 0 -16"><span class='ocrx_word' id='word_1_206' title='bbox 149 2071 368 2116; x_wconf 89' lang='lat' dir='ltr'>senarium</span> <span class='ocrx_word' id='word_1_207' title='bbox 401 2070 607 2126; x_wconf 86' lang='lat' dir='ltr'>modum,</span> <span class='ocrx_word' id='word_1_208' title='bbox 640 2069 843 2129; x_wconf 81' lang='lat' dir='ltr'>dignitati</span> <span class='ocrx_word' id='word_1_209' title='bbox 870 2079 1019 2115; x_wconf 88' lang='lat' dir='ltr'>tamen</span> <span class='ocrx_word' id='word_1_210' title='bbox 1060 2079 1104 2114; x_wconf 87' lang='lat' dir='ltr'>et</span> <span class='ocrx_word' id='word_1_211' title='bbox 1135 2071 1441 2131; x_wconf 84' lang='lat' dir='ltr'>temperationi</span> <span class='ocrx_word' id='word_1_212' title='bbox 1473 2071 1551 2116; x_wconf 91' lang='lat' dir='ltr'>ho-</span> 
     </span>
     <span class='ocr_line' id='line_1_28' title="bbox 150 2141 1548 2203; baseline 0.001 -16"><span class='ocrx_word' id='word_1_213' title='bbox 150 2157 265 2198; x_wconf 88' lang='lat' dir='ltr'>rum,</span> <span class='ocrx_word' id='word_1_214' title='bbox 291 2141 368 2203; x_wconf 81' lang='lat' dir='ltr'>qui</span> <span class='ocrx_word' id='word_1_215' title='bbox 391 2141 598 2186; x_wconf 88' lang='lat' dir='ltr'>brevibus</span> <span class='ocrx_word' id='word_1_216' title='bbox 618 2141 847 2202; x_wconf 82' lang='lat' dir='ltr'>longisque</span> <span class='ocrx_word' id='word_1_217' title='bbox 864 2141 1113 2198; x_wconf 88' lang='lat' dir='ltr'>variantur,</span> <span class='ocrx_word' id='word_1_218' title='bbox 1139 2151 1183 2187; x_wconf 86' lang='lat' dir='ltr'>et</span> <span class='ocrx_word' id='word_1_219' title='bbox 1206 2142 1263 2187; x_wconf 91' lang='lat' dir='ltr'>ob</span> <span class='ocrx_word' id='word_1_220' title='bbox 1288 2143 1371 2188; x_wconf 90' lang='lat' dir='ltr'>hoc</span> <span class='ocrx_word' id='word_1_221' title='bbox 1408 2142 1548 2188; x_wconf 86' lang='lat' dir='ltr'>multo</span> 
     </span>
     <span class='ocr_line' id='line_1_29' title="bbox 151 2212 1276 2274; baseline 0.001 -16"><span class='ocrx_word' id='word_1_222' title='bbox 151 2214 294 2259; x_wconf 87' lang='lat' dir='ltr'>minus</span> <span class='ocrx_word' id='word_1_223' title='bbox 323 2213 519 2259; x_wconf 84' lang='lat' dir='ltr'>converti</span> <span class='ocrx_word' id='word_1_224' title='bbox 562 2221 765 2274; x_wconf 85' lang='lat' dir='ltr'>possunt,</span> <span class='ocrx_word' id='word_1_225' title='bbox 807 2212 967 2259; x_wconf 83' lang='lat' dir='ltr'>cedant</span> <span class='ocrx_word' id='word_1_226' title='bbox 1000 2229 1175 2259; x_wconf 88' lang='lat' dir='ltr'>necesse</span> <span class='ocrx_word' id='word_1_227' title='bbox 1197 2223 1276 2259; x_wconf 88' lang='lat' dir='ltr'>est.</span> 
     </span>
    </p>
   </div>
  </div>
 </body>
</html>
