1888 3168
658 190 714 217 DE
745 188 904 218 MUSICA
936 190 1020 217 ΠΒ.
1054 191 1102 217 11.
1497 180 1577 219 361

181 272 246 302 ses
275 258 366 302 sine
388 255 607 302 vocabulo
641 271 733 301 esse
764 255 1133 317 relinquendam?
1162 259 1214 301 D.
1241 259 1340 302 Non
1365 265 1491 317 puto.
1517 260 1580 303 M.

181 328 319 389 Atqui
347 329 454 374 scias
473 337 643 374 veteres
670 328 831 388 pedem
851 342 1127 388 nuncupasse
1150 326 1281 372 talem
1303 328 1585 374 collationem

182 417 405 447 sonorum.
430 400 514 446 Sed
535 416 768 462 quousque
789 399 946 461 pedem
968 398 1175 460 progredi
1197 400 1308 444 ratio
1330 400 1458 456 sinat,
1486 400 1586 446 dili-

184 483 335 533 genter
378 471 698 518 advertendum
732 481 810 517 est.
851 471 1150 526 Quamobrem
1184 472 1276 531 jam
1317 470 1386 516 dic
1423 473 1579 528 etiam,

184 545 328 591 brevis
364 553 408 589 et
441 543 574 603 longa
606 543 777 603 syllaba
815 560 903 606 qua
944 543 1025 588 sibi
1065 543 1234 587 ratione
1273 541 1580 589 conseruntur.

182 620 235 662 D.
264 616 432 677 Opinor
460 630 513 660 ex
537 613 614 661 illo
638 631 797 676 genere
830 630 1139 671 numerorum,
1164 630 1274 676 quos
1303 615 1587 676 complicatos

181 688 454 744 vocavimus,
491 687 620 733 istam
653 687 936 734 collationem
967 702 1175 733 manare:
1214 686 1431 748 siquidem
1465 687 1511 731 in
1534 702 1585 732 ea

182 759 390 820 simplum
420 758 477 804 ad
511 759 700 820 duplum
738 759 951 805 collatum
985 775 1076 805 esse
1097 758 1250 815 video,
1271 758 1319 803 id
1341 768 1420 815 est,
1446 775 1588 804 unum

182 841 356 893 tempus
378 832 522 877 brevis
544 831 725 890 syllabae
754 831 811 877 ad
846 832 937 878 duo
975 842 1174 893 tempora
1207 831 1354 892 longae
1383 830 1584 890 syllabae.

181 907 244 950 Μ.
271 903 390 959 Quid
421 904 455 949 si
485 904 546 949 ita
569 903 845 961 ordinentur,
873 914 924 950 ut
944 905 1065 966 prius
1086 904 1236 965 longa,
1260 902 1422 948 deinde
1443 903 1590 948 brevis

183 975 352 1035 syllaba
380 977 711 1038 pronuntietur,
737 992 848 1021 num
879 977 984 1038 quia
1019 975 1127 1021 ordo
1158 984 1355 1020 mutatus
1383 984 1463 1031 est,
1489 974 1590 1020 ideo

183 1047 550 1109 complicatorum
563 1064 851 1094 numerorum
864 1049 974 1094 ratio
987 1064 1079 1094 non
1093 1049 1268 1092 manet?
1283 1063 1386 1092 nam
1398 1056 1449 1092 ut
1458 1046 1591 1092 inillo

183 1120 296 1181 pede
314 1119 522 1181 simplum
542 1119 599 1165 ad
617 1119 822 1181 duplum,
842 1120 902 1166 ita
926 1120 973 1164 in
990 1120 1073 1166 isto
1097 1119 1287 1181 duplum
1306 1118 1363 1164 ad
1380 1118 1589 1180 simplum

183 1191 421 1237 invenitur.
438 1195 491 1238 D.
507 1195 574 1237 Ita
588 1201 667 1237 est.
686 1195 748 1238 M.
767 1191 901 1248 Quid,
917 1192 964 1237 in
988 1191 1102 1253 pede
1124 1191 1314 1237 duarum
1335 1190 1587 1249 longarum,

187 1281 337 1311 nonne
377 1267 468 1312 duo
503 1275 704 1327 tempora
740 1265 916 1311 duobus
952 1265 1228 1325 temporibus
1270 1263 1594 1310 conferuntur?

184 1340 237 1382 D.
264 1336 557 1383 Manifestum
580 1347 660 1383 est.
693 1341 755 1384 M.
781 1341 848 1383 Ex
874 1354 963 1398 qua
991 1352 1094 1395 ergo
1116 1337 1284 1381 ratione
1307 1336 1485 1381 ducitur
1512 1335 1593 1380 ista

183 1407 392 1454 collatio?
408 1412 459 1453 D.
476 1412 542 1452 Ex
559 1424 713 1452 eorum
732 1407 896 1452 scilicet
919 1408 997 1468 qui
1019 1408 1211 1469 aequales
1234 1406 1444 1468 appellati
1467 1416 1586 1452 sunt.

242 1482 297 1525 V.
321 1482 384 1526 M.
412 1482 507 1539 Age
534 1495 655 1524 nunc
677 1477 749 1524 dic
776 1478 907 1535 mihi,
926 1495 979 1524 ex
1007 1495 1098 1540 quo
1127 1496 1151 1525 a
1179 1479 1354 1524 duabus
1385 1479 1593 1524 brevibus

183 1553 269 1598 orsi
297 1551 355 1596 ad
383 1550 492 1596 duas
525 1549 718 1609 syllabas
755 1550 907 1610 longas
939 1552 1245 1612 pervenimus,
1282 1561 1394 1613 quot
1425 1550 1593 1612 pedum

182 1624 439 1670 collationes
474 1623 822 1668 tractaverimus.
855 1626 909 1668 D.
951 1626 1179 1676 Quatuor:
1220 1639 1322 1668 nam
1356 1623 1501 1684 primo
1539 1622 1596 1667 de

183 1696 358 1742 duabus
387 1695 598 1741 brevibus
633 1693 801 1739 dictum
832 1703 913 1750 est,
938 1693 1134 1739 secundo
1167 1693 1224 1739 de
1258 1694 1383 1740 brevi
1417 1704 1462 1739 et
1488 1694 1590 1739 lon-

185 1767 408 1828 ga,tertio
443 1766 498 1811 de
524 1765 657 1826 longa
688 1776 733 1811 et
764 1766 906 1822 brevi,
941 1775 1101 1828 quarto
1135 1766 1190 1811 de
1225 1765 1399 1812 duabus
1430 1765 1590 1826 longis.

183 1843 246 1886 M.
263 1841 381 1886 Num
402 1847 588 1899 possunt
611 1853 703 1882 esse
717 1837 866 1898 plures
888 1853 1023 1899 quam
1037 1847 1246 1898 quatuor,
1262 1853 1366 1884 cum
1380 1837 1481 1883 duae
1504 1838 1596 1896 syl-

183 1910 298 1956 labae
332 1910 510 1956 sibimet
547 1908 871 1955 conferuntur?
904 1913 957 1954 D.
990 1908 1125 1956 Nullo
1157 1909 1320 1955 modo:
1359 1925 1462 1954 nam
1493 1925 1596 1954 cum

185 1982 369 2042 syllabae
386 1983 507 2027 hunc
524 1980 710 2027 modum
727 1981 993 2041 acceperint,
1010 1990 1062 2026 ut
1080 1982 1224 2026 brevis
1242 1997 1385 2026 unum
1403 1991 1594 2042 tempus,

184 2054 319 2115 longa
342 2054 432 2100 duo
454 2054 633 2109 habeat,
660 2069 854 2114 cumque
883 2053 1055 2112 syllaba
1079 2054 1220 2099 omnis
1243 2063 1320 2098 aut
1349 2053 1492 2098 brevis
1521 2063 1598 2098 aut

186 2126 319 2186 longa
342 2126 412 2182 sit,
439 2142 530 2187 quo
551 2134 681 2186 pacto
706 2124 787 2170 sibi
818 2134 1005 2185 possunt
1027 2126 1128 2170 duae
1151 2125 1332 2185 syllabae
1355 2126 1598 2186 comparari

187 2209 320 2260 atque
338 2198 552 2259 copulari,
578 2207 628 2242 ut
649 2196 810 2258 pedem
828 2195 1007 2253 faciant,
1029 2198 1112 2242 nisi
1129 2207 1205 2242 aut
1222 2199 1365 2243 brevis
1389 2208 1433 2242 et
1454 2198 1597 2243 brevis

189 2272 260 2326 sit,
286 2280 362 2315 aut
382 2271 525 2315 brevis
543 2279 587 2314 et
605 2269 753 2328 longa,
780 2278 857 2314 aut
886 2268 1017 2328 longa
1048 2279 1092 2314 et
1111 2270 1271 2326 brevis,
1299 2279 1376 2315 aut
1403 2269 1532 2329 longa
1556 2279 1600 2315 et

189 2341 352 2401 longa?
374 2345 436 2388 M.
457 2342 536 2387 Dic
555 2341 682 2387 etiam
698 2350 808 2402 quot
829 2341 991 2386 habeat
1013 2351 1212 2402 tempora
1230 2342 1439 2386 binarum
1461 2341 1598 2401 sylla-

189 2414 349 2458 barum
364 2413 573 2458 minimus
595 2429 686 2474 pes,
708 2422 819 2474 quot
836 2413 942 2474 item
965 2414 1196 2458 maximus.
1218 2417 1270 2459 D.
1294 2417 1391 2458 Duo
1408 2413 1497 2470 ille,
1519 2414 1599 2458 iste

192 2495 399 2549 quatuor.
425 2489 485 2531 M.
512 2486 730 2530 Vides-ne
752 2495 803 2530 ut
820 2486 1066 2546 progressio
1100 2487 1181 2531 nisi
1203 2502 1342 2547 usque
1364 2495 1600 2548 quaterna-

194 2558 309 2604 rium
330 2573 565 2606 numerum.
586 2559 679 2605 fieri
702 2575 792 2606 non
814 2559 1031 2618 potuerit,
1057 2558 1145 2605 sive
1164 2559 1207 2604 in
1229 2558 1418 2620 pedibus
1445 2559 1599 2604 sivein
