1888 3168
335 224 417 262 466
765 235 797 262 s.
836 235 1067 264 Aeuus'nm
1101 238 1281 264 Episcopi

330 303 379 343 1).
408 297 617 344 Sedecim.
643 302 703 343 M.
734 300 866 355 Quid,
895 302 973 345 tria
996 304 1086 345 ter?
1109 305 1159 346 D.
1186 304 1365 346 Novem.
1391 304 1450 345 Μ.
1477 301 1613 356 Quid,
1640 311 1709 346 to-

329 378 423 413 tum
440 368 566 413 simul
584 371 601 413 P
619 372 669 415 D.
699 370 882 430 virginti
900 372 1110 432 quinque.
1136 374 1197 417 M.
1222 374 1396 431 Septem
1411 386 1514 430 ergo
1531 372 1711 431 semipe-

326 439 400 485 des
419 441 626 501 quoniam
642 451 823 501 possunt
850 443 1011 487 habere
1033 442 1122 488 duo
1139 443 1350 497 membra,
1371 440 1549 501 singulis
1569 457 1710 486 mem—

328 510 416 556 bris
453 511 539 556 suis
574 512 631 556 ad
659 512 971 573 quadratorum
1004 515 1215 559 rationem
1249 512 1392 558 relatis
1406 548 1416 568 ,
1455 511 1712 572 vigesimum

327 582 531 641 quintum
561 598 791 627 numerum
826 584 870 627 in
899 599 1067 629 summa
1098 585 1293 643 faciunt·⁷
1326 593 1370 628 et
1397 593 1460 628 est
1494 598 1581 628 una
1614 599 1713 643 pars

331 668 478 697 versus
500 653 679 698 hero‘i'ei.
707 657 757 698 D.
782 657 845 698 lta
863 664 941 699 est.
963 658 1023 700 M.
1042 655 1188 700 Altera
1210 655 1342 715 igitur
1354 671 1450 715 pars
1465 671 1564 715 quae
1580 655 1715 699 habet

329 723 526 784 quinque
548 723 803 783 semipedes,
827 726 1036 785 quoniam
1059 742 1148 771 non
1174 736 1316 786 potest
1343 726 1388 770 in
1410 725 1499 771 duo
1517 725 1714 770 membra

328 793 480 850 dividi,
505 804 549 838 ct
571 794 702 838 debet
724 794 869 855 aliqua
892 796 1140 857 aequalitate
1167 797 1418 852 concinere,
1444 812 1590 842 non-ne
1620 805 1714 841 tota

327 864 372 907 in
387 864 651 924 quadratum
674 864 874 910 ducenda
898 869 986 912 est?
1003 871 1053 912 l).
1079 867 1195 913 Nihil
1211 867 1330 913 aliud
1345 868 1522 912 omnino
1540 883 1710 922 censeo,

328 944 371 978 ct
386 936 477 995 jam
503 935 677 979 tandem
698 952 886 995 agnosco
904 938 1199 999 aequalitatem
1228 939 1486 984 mirabilem.
1509 939 1714 998 Quinque

327 1007 443 1051 enini
453 1007 685 1068 quinquies
697 1007 828 1053 ducta
850 1010 1001 1054 eadem
1014 1010 1170 1070 viginti
1182 1011 1378 1072 quinque
1388 1019 1710 1055 consummant.

327 1080 414 1122 Nec
436 1094 539 1137 ergo
562 1079 779 1124 immerito
797 1081 953 1125 senarii
965 1097 1112 1126 versus
1136 1082 1300 1127 caeteris
1315 1081 1615 1127 celebratiores
1632 1096 1715 1126 no—

328 1147 591 1210 bilioresque
607 1149 711 1195 sacti
725 1161 827 1196 sunt
850 1171 857 1196 :
880 1152 967 1197 dici
981 1153 1096 1197 enim
1117 1154 1186 1198 vix
1207 1163 1351 1213 potest
1371 1162 1587 1213 quantum
1603 1152 1716 1196 inter

327 1217 502 1264 illorum
535 1220 830 1281 aequalitatem
852 1222 898 1266 in
925 1223 1132 1268 membris
1164 1224 1429 1285 imparibus,
1458 1232 1501 1268 et
1533 1222 1717 1268 aliorum

328 1291 526 1336 omnium
549 1291 733 1338 intersit.

329 1438 1294 1458 ΦΝΜΜἏΜᾺΜΜΜΜΜΜΜΜΜΜΜΜΜἏ
1299 1441 1718 1458 *ww-mmmmm

823 1574 1040 1623 CAPUT
1087 1576 1210 1622 XlIl
1221 1611 1231 1621 .

894 1714 945 1760 E
942 1713 1150 1777 pilogzcs.

392 1855 474 1897 XX
482 1855 577 1897 Vll.
590 1854 649 1896 M.
662 1854 754 1898 Non
770 1861 812 1897 te
825 1867 929 1912 ergo
938 1852 1356 1913 fel'ellitpollicitatio
1366 1867 1476 1909 mea,
1496 1852 1562 1898 vel
1580 1854 1723 1913 potius

333 1925 424 1984 ipsa
447 1940 546 1979 nos,
580 1939 713 1984 quam
737 1933 923 1985 uterque
943 1934 1142 1969 nostrum
1170 1925 1366 1985 sequitur
1382 1960 1393 1980 ,
1418 1924 1544 1969 ratio.
1574 1927 1720 1978 Quare

332 2005 383 2040 ut
405 1996 534 2040 istum
554 1996 643 2056 jam
676 2011 920 2040 sermonem
939 1995 1254 2041 concludamus
1289 1996 1550 2057 aliquando,
1580 1997 1720 2042 cernis

333 2077 448 2112 certe
471 2083 573 2112 cum
593 2068 677 2112 sint
701 2077 838 2112 metra
861 2083 972 2128 pene
998 2068 1351 2123 innumerabilia,
1376 2083 1550 2113 versum
1573 2077 1721 2112 tamen

331 2154 422 2183 esse
443 2154 532 2183 non
549 2154 689 2199 posse,
715 2139 797 2183 nisi
819 2138 995 2183 duobus
1009 2140 1215 2184 membris
1236 2139 1409 2184 sibimet
1431 2138 1717 2194 concinnatis,

334 2219 410 2254 aut
431 2209 615 2254 totidem
635 2209 942 2269 semipedibus,
964 2209 1040 2254 sed
1060 2226 1150 2255 non
1176 2208 1536 2255 conversibilibus
1569 2208 1720 2254 termi-

335 2281 463 2337 natis,
491 2290 541 2324 ut
573 2290 651 2336 est,
688 2280 939 2326 [mecenas
962 2281 1119 2325 atavis
1142 2279 1265 2325 edite
1287 2278 1479 2341 regibus
1489 2301 1511 2336 ;
1532 2289 1609 2324 aut
1629 2279 1721 2325 dis-

331 2353 424 2413 pari
447 2368 630 2397 numero
652 2353 781 2397 etiam
799 2352 1087 2413 semipedum,
1104 2352 1179 2397 sed
1200 2362 1346 2396 tamen
1368 2351 1512 2413 aliqua
1535 2351 1718 2413 aequali--

332 2434 419 2470 tate
441 2425 706 2486 conjunctis,
732 2434 781 2469 ut
805 2434 908 2469 sunt
931 2434 1122 2484 quatuor
1143 2433 1186 2469 et
1208 2433 1308 2481 tres,
1338 2433 1413 2468 aut
1443 2424 1643 2485 quinque
1677 2434 1720 2469 et

331 2507 431 2554 tres,
456 2496 525 2542 vel
539 2498 739 2558 quinque
756 2506 799 2541 et
811 2506 993 2557 septem,
1019 2506 1094 2541 aut
1111 2512 1181 2541 sex
1203 2505 1245 2541 et
1260 2505 1440 2556 septem,
1460 2505 1535 2541 aut
1552 2505 1654 2541 octo
1677 2504 1721 2540 et

331 2579 517 2629 septem,
541 2568 612 2613 vel
632 2578 797 2629 septem
828 2578 871 2613 et
898 2583 1071 2614 novem.
1109 2571 1146 2612 A
1180 2566 1312 2627 pleno
1341 2568 1457 2612 enim
1484 2566 1597 2628 pede
1624 2576 1720 2614 tro—
