1852 3163
238 175 319 216 184
673 186 706 213 s·
743 186 973 215 AUGUSTINJ
1008 187 1188 214 EPISCOPI

237 253 457 298 Submissa
476 251 679 313 quaedam
712 252 1010 312 impolitaequc
1032 250 1247 295 simillima
1270 251 1385 311 ipsos
1417 250 1550 294 saltus
1572 266 1621 295 ac

233 334 440 370 venustos
454 325 570 370 locos
588 340 678 369 sese
692 325 973 384 interponens
996 323 1182 368 illustrat
1197 323 1350 367 oratio.
1367 324 1475 376 Quae
1486 323 1519 366 si
1531 322 1621 367 sola

236 397 305 454 sit,
320 397 494 458 projicis
506 406 556 441 ut
568 397 698 442 vilem
713 417 721 442 2
736 396 769 440 si
782 406 928 440 autem
944 395 1069 450 desit,
1085 394 1158 439 illa
1170 394 1353 455 pulchra
1366 409 1455 439 non
1468 393 1625 454 promi-

233 478 361 525 nent,
386 469 538 513 nonin
561 469 646 513 suis
676 468 798 529 quasi
816 467 1066 526 regionibus
1088 467 1518 527 possessionibusque
1540 463 1624 509 do-

233 540 485 595 minantur,
511 539 681 599 sibique
714 538 803 596 ipsa
825 537 1000 598 propria
1026 537 1124 582 luce
1162 538 1364 593 obstant,
1391 546 1625 597 totumque

234 610 531 656 confundunt.
554 613 727 670 Magnae
749 618 793 654 et
819 609 890 654 hic
914 609 1132 655 debentur
1145 609 1288 654 ordini
1312 609 1475 668 gratiae.
1500 610 1627 653 Men-

238 683 389 727 ticntes
402 683 718 738 conclusiones,
744 691 820 726 aut
833 682 1071 742 irrepentes
1084 679 1313 741 paulatim,
1340 681 1409 725 vel
1421 680 1626 724 minuen-

233 754 307 810 do,
324 753 394 799 vel
408 754 611 799 addendo
625 755 671 798 in
686 753 977 798 assensionem
993 752 1207 808 falsitatis,
1223 752 1320 813 quis
1334 767 1424 796 non
1437 760 1622 806 metuat,

232 826 330 888 quis
352 843 442 872 non
465 827 636 871 oderit?
675 827 798 886 Saepe
820 834 969 869 tamen
1006 824 1051 868 in
1080 823 1451 885 disputationibus
1473 824 1623 880 certis,

233 908 277 943 et
289 898 375 943 suis
389 898 563 943 sedibus
578 896 801 942 collocatae
814 905 987 940 tantum
1000 894 1164 951 valent,
1181 905 1231 940 ut
1245 895 1390 940 nescio
1404 894 1628 956 quomodo

234 987 312 1031 per
335 987 405 1016 eas
425 970 647 1015 dulcescat
680 970 771 1030 ipsa
805 969 1020 1029 deceptio.
1046 971 1202 1014 Nonne
1230 967 1302 1013 hic
1319 983 1498 1030 quoque
1521 966 1629 1013 ordo

234 1042 326 1102 ipse
347 1041 632 1086 laudabitur?

297 1115 418 1158 XIV.
454 1115 549 1157 Jam
572 1112 618 1156 in
640 1112 828 1167 musica,
853 1112 899 1156 in
922 1111 1204 1171 geometrica,
1229 1111 1276 1155 in
1298 1119 1514 1155 astrorum
1532 1125 1631 1156 mo-

237 1184 378 1240 tibus,
404 1184 449 1228 in
477 1199 763 1229 numerorum
784 1183 1113 1228 necessitatibus
1141 1182 1249 1228 ordo
1275 1183 1334 1226 ita
1357 1181 1628 1238 dominatur,

236 1267 287 1302 ut
309 1257 343 1300 si
368 1256 464 1317 quis
486 1255 610 1316 quasi
628 1257 720 1316 ejus
739 1255 907 1300 fontem
928 1265 1060 1316 atque
1081 1256 1223 1316 ipsum
1241 1254 1465 1315 penetrale
1485 1254 1633 1300 videre

239 1326 457 1372 desideret
474 1362 485 1383 7
526 1335 602 1371 aut
622 1328 668 1370 in
689 1326 755 1371 his
778 1325 992 1381 inveniat,
1020 1334 1094 1369 aut
1116 1340 1194 1386 per
1212 1327 1308 1369 haec
1343 1340 1394 1370 eo
1416 1325 1508 1369 sine
1541 1324 1634 1370 ullo

238 1413 383 1443 errore
421 1398 622 1442 ducatur.
651 1397 763 1441 Talis
787 1397 903 1441 enim
942 1395 1132 1440 eruditio
1167 1396 1201 1440 si
1224 1396 1320 1456 quis
1339 1411 1388 1440 ea
1410 1394 1634 1441 moderate

240 1470 424 1527 utatur(
445 1483 547 1512 nam
583 1466 694 1512 nihil
729 1467 791 1511 ibi
813 1482 946 1528 quam
968 1466 1154 1511 nimium
1190 1464 1518 1511 formidandum
1535 1475 1598 1510 est
1618 1468 1634 1524 )

239 1539 375 1584 talem
395 1538 684 1599 philosophice
702 1537 886 1582 militem
899 1538 1037 1583 nutrit
1055 1536 1127 1583 vel
1144 1537 1275 1582 etiam
1305 1536 1464 1582 ducem
1476 1572 1487 1593 ‚
1513 1546 1563 1581 ut
1579 1537 1635 1581 ad

240 1626 463 1655 summum
489 1610 616 1655 illum
652 1610 834 1655 modum
851 1645 861 1665 ,
886 1609 1002 1654 ultra
1039 1625 1172 1670 quem
1205 1608 1426 1670 requirere
1469 1607 1636 1669 aliquid

240 1698 322 1727 nec
339 1682 475 1743 possit
490 1718 500 1738 ‚
526 1698 607 1727 nec
629 1681 789 1726 debeat
805 1717 815 1737 ‚
832 1697 913 1726 nec
926 1680 1096 1742 cupiat,
1121 1697 1209 1742 qua
1230 1679 1327 1725 vult
1348 1679 1491 1726 evolet
1505 1689 1636 1741 atque

241 1754 483 1814 perveniat,
501 1752 753 1814 multosque
770 1751 998 1813 perducat.
1014 1752 1140 1797 Unde
1147 1754 1239 1814 jam
1253 1751 1361 1797 dum
1373 1752 1473 1812 ipsis
1484 1752 1637 1796 huma-

240 1825 308 1869 nis
323 1824 453 1869 rebus
471 1833 687 1880 teneatur,
713 1825 772 1869 sic
790 1839 859 1868 eas
882 1823 1104 1884 despiciat,
1126 1833 1374 1885 cunctaque
1396 1823 1631 1880 discernat,

240 1907 292 1942 ut
308 1896 433 1941 nullo
456 1896 589 1941 modo
610 1912 710 1940 eum
731 1906 905 1941 moveat
925 1912 1004 1940 cur
1021 1895 1130 1940 alius
1145 1905 1267 1955 optet
1280 1894 1440 1940 liberos
1452 1895 1631 1953 habere,

241 1986 323 2015 nec
344 1970 533 2020 habeat3
558 1968 666 2012 alius
700 1968 834 2012 nimia
862 1968 1007 2012 uxoris
1039 1966 1328 2012 foecunditate
1349 1976 1633 2028 torqueatur3

228 2050 367 2101 ‘egeat
389 2040 463 2084 ille
485 2040 693 2101 pecunia,
740 2039 817 2100 qui
839 2039 985 2098 largiri
1015 2037 1253 2083 liberaliter
1283 2037 1422 2083 multa
1459 2048 1635 2098 paratus

243 2123 328 2172 est3
353 2114 480 2174 eique
498 2110 680 2157 defossae
699 2111 880 2156 incubet
892 2126 1036 2155 macer
1057 2119 1100 2154 et
1123 2107 1342 2155 scabiosus
1367 2107 1631 2155 foenerator:

243 2184 385 2245 ampla
409 2185 669 2245 patrimonia
690 2182 882 2227 luxuries
905 2182 1124 2243 dispergat
1147 2191 1278 2242 atque
1300 2180 1547 2237 diffundat,
1566 2182 1637 2227 vix

245 2268 337 2303 toto
360 2257 689 2315 dielacrymans
710 2255 937 2299 mendicus
959 2269 1190 2298 nummum
1222 2253 1427 2312 impetret
1453 2273 1461 2297 :
1490 2252 1636 2297 Alium

242 2330 385 2374 honor
407 2327 586 2374 extollat
622 2326 876 2385 indignum3
901 2324 1035 2370 lucidi
1070 2339 1210 2369 mores
1241 2322 1569 2369 abscondantur
1590 2324 1637 2368 in

245 2400 393 2445 turba.

304 2473 401 2514 XV.
427 2472 531 2514 Haec
554 2479 598 2513 et
639 2468 720 2513 alia
757 2469 803 2512 in
839 2469 1072 2513 hominum
1093 2466 1208 2521 vita,
1251 2475 1416 2525 cogunt
1437 2466 1635 2510 homines

244 2541 504 2601 plcriunquc
526 2540 657 2599 impie
679 2539 854 2584 credere
894 2537 1017 2582 nullo
1040 2553 1116 2581 nos
1162 2536 1314 2581 ordine
1349 2536 1508 2582 divinae
1530 2550 1635 2594 pro-
