1852 3163
293 228 371 266 134
729 242 761 267 5.
799 240 1026 268 ,1101151011
1061 241 1241 268 1111500111

287 305 499 348 contraria
521 314 571 348 111
591 320 702 348 mors
719 305 841 359 vitm,
860 314 908 348 ut
934 305 1055 348 beata
1077 306 1163 349 vita
1180 306 1344 349 miserae
1360 341 1370 361 ,
1396 306 1479 351 hoc
1501 315 1564 350 est
1585 307 1675 352 sine

286 375 434 436 aliquo
457 376 616 419 medio.
645 378 752 419 Nam
770 384 817 418 ut
841 375 980 418 omnis
998 391 1087 419 11011
1107 376 1258 420 beatus
1279 377 1411 421 homo
1433 377 1561 421 miser
1583 387 1646 422 est
1660 413 1672 433 ,

284 447 512 508 omnisque
534 447 666 490 homo
690 461 779 490 non
802 455 1000 491 mortuus
1020 446 1150 498 vivit,
1175 447 1234 492 sic
1257 463 1432 492 omnem
1456 464 1546 492 non
1563 449 1675 494 stul-

282 528 377 563 tum
411 516 690 561 manifestum
717 525 889 562 estesse
910 517 1164 577 sapientem.
1190 520 1255 562 Ex
1275 534 1365 580 quo
1394 528 1438 563 et
1458 517 1567 564 illud
1585 520 1677 581 jam

281 589 384 634 licet
411 587 559 633 videre
577 621 588 643 ,
623 602 714 633 non
743 602 795 632 ex
821 603 872 633 eo
901 596 1075 633 tantum
1112 588 1311 648 Sergium
1345 591 1524 635 Oratam
1545 589 1678 635 fuisse

283 662 487 705 miserum
503 695 514 716 ‚
548 659 669 721 quod
702 660 884 706 timebat
911 675 967 705 ne
987 658 1177 705 fortunae
1198 660 1272 706 illa
1304 676 1485 707 munera
1506 662 1678 707 amitte-

283 742 350 778 ret
363 768 374 788 ,
394 733 469 777 sed
487 732 590 793 quia
609 732 767 776 stultus
789 742 896 778 erat.
916 735 1015 786 Quo
1037 734 1088 777 fit
1103 742 1153 778 ut
1166 733 1361 778 miserior
1383 744 1516 790 esset,
1542 734 1678 780 sitam

283 802 487 865 pendulis
506 803 851 864 nutantibusque
871 804 946 860 iis,
967 820 1067 866 quae
1089 804 1203 850 110113
1226 806 1412 865 putabat
1427 842 1438 862 ,
1457 805 1569 851 nihil
1581 820 1678 851 om-

282 877 388 920 nino
411 875 650 919 metuisset.
671 878 795 920 Esset
816 876 934 919 enim
957 891 1046 921 non
1068 875 1336 922 fortitudinis
1359 876 1550 922 excubiis
1565 912 1576 934 ,
1602 875 1679 922 sed

281 947 439 991 mentis
464 962 618 1007 sopore
649 947 863 1003 securior,
905 956 949 991 et
970 947 1123 993 altiore
1145 948 1328 993 stultitia
1354 947 1575 994 demersus
1596 949 1678 994 mi-

279 1035 360 1063 ser.
384 1022 441 1063 At
460 1019 494 1063 si
515 1019 654 1063 omnis
674 1019 750 1080 qui
772 1028 889 1064 caret
909 1019 1119 1079 sapientia
1140 1035 1346 1080 magnam
1362 1020 1527 1081 patitur
1555 1033 1679 1081 eges-

278 1100 414 1135 tatem
428 1126 441 1146 ,
466 1091 696 1150 omnisque
726 1106 904 1150 compos
927 1091 1149 1150 sapientiae
1175 1090 1314 1136 nihilo
1337 1102 1435 1152 eget
1451 1128 1461 1148 ,
1483 1093 1681 1154 sequitur

279 1171 330 1206 ut
346 1159 532 1206 stultitia
560 1162 613 1205 sit
637 1170 815 1220 egestas.
844 1163 901 1205 Ut
922 1170 1070 1205 autem
1091 1163 1232 1206 omnis
1254 1162 1416 1208 stultus
1437 1164 1568 1208 miser
1584 1199 1595 1220 ,
1619 1164 1679 1208 ita

278 1233 419 1278 omnis
440 1233 570 1278 miser
587 1231 746 1277 stultus
764 1240 842 1277 est.
864 1235 980 1291 Ergo
1002 1241 1053 1276 ut
1070 1233 1210 1278 omnis
1227 1242 1394 1294 egestas
1409 1232 1579 1281 miseria
1592 1271 1604 1292 ‚
1620 1235 1680 1281 ita

277 1304 420 1351 omnis
440 1304 613 1351 miseria
631 1312 797 1365 egestas
814 1319 904 1350 esse
925 1303 1215 1350 convincitur.

611 1494 843 1554 Superius
874 1493 1007 1541 dicta
1030 1493 1348 1542 elucidantur.

342 1592 507 1636 XXIX.
546 1593 682 1644 QUAM
713 1589 1041 1635 conclusionem
1071 1589 1304 1649 Trygetius
1330 1604 1432 1634 cum
1455 1604 1499 1634 50
1526 1605 1682 1650 parum

280 1662 539 1709 intellexisse
556 1661 720 1706 diceret
737 1681 745 1706 :
768 1660 885 1715 Quid
901 1697 911 1717 ,
937 1661 1119 1723 inquam
1135 1697 1146 1717 ,
1170 1661 1283 1705 inter
1300 1676 1378 1706 nos
1396 1661 1562 1705 ratione
1581 1677 1684 1706 con-

279 1735 429 1781 venit?
456 1737 573 1780 Eum
605 1749 754 1792 egere,
782 1733 951 1795 inquit,
978 1733 1053 1794 qui
1094 1733 1348 1793 sapientiam
1384 1747 1477 1778 non
1501 1732 1677 1778 habeat.

282 1805 400 1861 Quid
428 1816 493 1850 051
520 1822 623 1865 ergo
640 1841 651 1861 ,
676 1806 872 1865 inquam,
898 1807 1053 1863 egere?
1084 1804 1372 1864 Sapientiam,
1404 1803 1571 1865 inquit,
1591 1820 1682 1849 11011

282 1878 476 1923 habere?
519 1876 638 1930 Quid
675 1885 765 1931 051,
805 1876 1012 1936 inquam,
1057 1875 1440 1936 sapientiam‘non
1482 1875 1682 1919 habere?

285 1950 366 1994 Hic
416 1963 518 1992 cum
573 1957 735 1992 taceret
758 1983 768 2003 ,
824 1950 980 1992 Nonne
1034 1947 1118 1991 hoc
1171 1955 1235 1990 est
1259 1982 1269 2002 ,
1331 1945 1512 2007 inquam
1535 1982 1546 2002 ,
1598 1947 1680 1991 ha-

284 2021 387 2065 bere
416 2019 677 2064 stultitiam?
709 2022 830 2074 Hoc,
866 2018 1024 2079 inquit.
1060 2017 1179 2063 Nihil
1213 2027 1277 2061 est
1298 2033 1400 2077 ergo
1431 2016 1573 2072 aliud,
1611 2017 1682 2062 in-

284 2108 417 2154 quam
434 2128 444 2147 ,
467 2091 631 2135 11311010
662 2099 919 2150 egestatem,
946 2106 1076 2151 quam
1111 2089 1340 2133 stultitiam
1361 2109 1372 2146 3
1397 2103 1448 2131 ex
1471 2104 1561 2148 quo
1590 2089 1682 2149 jam

284 2179 457 2208 necesse
475 2172 539 2207 est
561 2171 795 2221 egestatem
821 2161 905 2205 alio
919 2161 1056 2206 verbo
1074 2159 1289 2204 nominari
1306 2195 1316 2215 ,
1342 2158 1519 2220 quando
1537 2158 1682 2204 stulti·
1742 2167 1749 2174 '

284 2235 343 2279 tia
365 2233 634 2278 nominatur.
656 2235 918 2293 Quanquam
942 2231 1088 2276 nescio
1110 2230 1333 2291 quomodo
1359 2229 1577 2285 dicamus,
1598 2230 1681 2274 113-

285 2306 361 2349 1101
390 2313 651 2362 egestatem,
682 2313 782 2357 aut,
824 2303 957 2346 habet
988 2302 1230 2347 stultitiam.
1260 2299 1362 2344 Tale
1396 2309 1460 2344 est
1488 2300 1605 2344 enim
1632 2315 1681 2344 30

285 2376 320 2420 51
337 2375 484 2419 10011111
502 2374 713 2435 aliquem,
736 2374 812 2434 qui
841 2372 1007 2417 lumine
1027 2381 1190 2427 careat,
1211 2370 1407 2416 dicamus
1425 2371 1588 2416 habere
1609 2381 1678 2415 te-

283 2447 439 2492 nebras
463 2466 471 2490 :
498 2446 619 2506 quod
651 2445 762 2489 nihil
791 2454 854 2490 est
885 2444 1004 2489 aliud
1032 2459 1164 2505 quam
1193 2443 1348 2487 lumen
1375 2458 1466 2487 non
1496 2442 1672 2486 habere.

281 2520 381 2563 Non
399 2517 515 2561 enim
538 2519 725 2561 tenebrae
740 2516 863 2577 quasi
879 2516 1064 2560 veniunt
1085 2524 1161 2559 aut
1182 2513 1397 2559 recedunt
1409 2548 1420 2569 ,
1439 2511 1516 2558 sed
1533 2528 1679 2558 carere

285 2587 452 2632 lumine
481 2588 564 2631 hoc
602 2587 744 2646 ipsum
773 2596 836 2631 est
867 2588 959 2647 jam
989 2585 1271 2630 tenebrosum
1304 2598 1420 2638 esse,
1450 2591 1501 2626 ut
1534 2597 1679 2628 carere
