1888 3168
666 213 719 238 DE
752 208 906 238 111131οΛ
940 210 1019 237 mn.
1058 210 1116 236 iv.
1498 197 1580 237 417

190 359 1119 380 ΝΜΛΛΜΜΜΛΛΜΝΚΜΜΜΜΜΜΜΜΜΜΙΛΜ
1123 360 1262 378 mmm
1266 361 1581 379 WUMWU=WUM

676 483 895 534 CAPUT
948 485 1094 533 VIII.

719 629 798 676 De
829 627 1043 692 daegylo.

244 769 322 814 IX.
339 770 400 814 M.
421 773 641 814 DAz-:runs
662 769 885 831 sequitur,
907 768 985 830 qui
1006 767 1141 813 semel
1163 767 1302 813 dividi
1324 777 1468 829 potest
1495 788 1504 814 ε
1530 785 1588 815 an

187 841 314 886 aliter
348 843 503 902 putas?
533 844 586 886 D.
624 844 719 887 Imo
750 842 811 887 ita
842 851 920 886 est.
952 843 1013 887 M.
1047 843 1192 895 Quota
1222 855 1324 901 ergo
1358 843 1450 902 ejus
1492 858 1593 902 pars

185 921 329 974 potest
351 928 441 957 esse
454 913 499 957 in
517 912 721 957 silentio?
743 916 794 958 D.
813 911 1002 958 Dimidia
1015 911 1193 957 scilicet.
1218 915 1280 958 M.
1304 912 1422 966 Quid
1444 913 1478 958 si
1496 923 1594 974 post

186 984 415 1044 dactylum
436 986 631 1032 trochaeo
649 985 889 1031 constituto
905 1021 915 1041 ,
943 984 1047 1030 velit
1069 984 1286 1046 quispiam
1310 984 1436 1030 silere
1451 1002 1594 1031 unum

186 1066 380 1118 tempus,
407 1056 529 1119 quod
550 1057 596 1102 in
618 1057 741 1102 brevi
759 1056 927 1116 syllaba
945 1056 1123 1116 dactylo
1137 1056 1327 1102 debetur
1341 1057 1592 1118 implendo,

184 1129 293 1192 quid
316 1130 705 1190 respondebimus?
734 1133 832 1175 Non
856 1130 975 1174 enim
1014 1146 1244 1190 possumus
1273 1129 1417 1175 dicere
1449 1130 1595 1176 minus

183 1216 318 1262 quam
341 1201 533 1261 spatium
567 1200 800 1261 semipedis
824 1200 940 1245 sileri
966 1216 1057 1245 non
1080 1210 1298 1261 oportere.
1326 1202 1454 1247 Ratio
1478 1202 1596 1246 0111111

183 1273 382 1333 superius
398 1282 581 1318 tractata
600 1288 691 1317 non
703 1273 849 1317 minus
866 1308 876 1327 ‚
903 1271 980 1316 sed
995 1272 1182 1332 amplius
1206 1289 1339 1334 quam
1362 1274 1596 1334 semipedis

183 1355 356 1406 tempus
375 1344 599 1389 silendum
620 1361 713 1389 non
735 1360 825 1389 esse
838 1354 1125 1404 persuaserat.
1143 1348 1255 1390 Nam
1275 1346 1429 1407 utique
1450 1346 1597 1390 minus

182 1432 316 1477 quam
339 1415 525 1475 semipes
547 1414 700 1459 siletur
722 1415 768 1459 111
786 1415 1065 1470 choriambo,
1093 1415 1170 1461 ubi
1188 1427 1287 1477 post
1322 1418 1465 1478 ipsum
1485 1418 1595 1463 eho-

182 1489 401 1534 riambum
418 1488 629 1533 bacchius
652 1487 922 1545 collocatur,
944 1489 1068 1550 cujus
1087 1489 1339 1550 exemplum
1356 1502 1443 1548 est,
1462 1493 1517 1538 F
1513 1511 1598 1540 012-

185 1558 340 1606 ticoloe
358 1557 552 1620 pzoelloe.
581 1559 718 1604 Unius
748 1560 865 1605 enim
895 1560 1043 1605 brevis
1067 1561 1247 1619 syllabae
1271 1564 1411 1623 spatio
1428 1565 1498 1609 hic
1517 1583 1597 1612 nos

183 1631 309 1676 silere.
331 1631 558 1690 cognoscis
572 1665 583 1686 ,
610 1631 732 1691 quod
754 1647 825 1675 sex
840 1632 1113 1692 temporibus
1132 1631 1321 1678 debetur
1342 1635 1592 1696 implendis.

183 1707 236 1749 D.
262 1706 427 1749 Verum
450 1702 571 1748 dicis.
599 1705 661 1748 M.
689 1704 942 1750 Constituto
965 1720 1069 1763 ergo
1092 1706 1287 1751 trochaeo
1316 1717 1415 1767 post
1436 1708 1593 1769 dacty-

182 1775 277 1820 lum
293 1811 304 1830 ,
328 1774 564 1820 licebit-ne
586 1774 719 1819 etiam
741 1790 883 1819 unum
912 1784 1087 1836 tempus
1111 1775 1266 1822 silere?
1286 1781 1338 1823 D.
1367 1783 1433 1824 lta
1461 1798 1595 1841 cogor

183 1845 326 1891 fateri.
353 1849 415 1892 M.
438 1845 545 1900 Quis
561 1854 604 1889 te
622 1845 803 1891 tandem
821 1856 998 1906 cogeret
1015 1883 1025 1902 ‚
1051 1847 1084 1891 si
1107 1848 1375 1895 meminisses
1393 1854 1593 1912 superio—

184 1920 316 1963 rum?
340 1920 434 1963 Hoc
457 1917 575 1962 enim
587 1917 669 1962 tibi
687 1917 867 1971 accidit,
890 1918 1011 1979 quod
1029 1918 1084 1962 de
1105 1918 1402 1966 indifferentia
1425 1923 1594 1971 ultimfe

184 1989 365 2049 syllabae
378 2010 389 2047 3
407 1998 451 2033 et
465 1987 689 2050 quomodo
702 1989 784 2033 sibi
797 1989 1000 2035 ultimam
1016 1988 1196 2051 longam
1208 1991 1435 2039 vindicent
1448 2012 1590 2053 aures,

183 2061 263 2107 ubi
305 2070 438 2106 restat
458 2060 648 2121 spatium
692 2077 782 2122 quo
823 2063 1095 2122 porrigatur,
1139 2063 1307 2108 etiamsi
1348 2065 1489 2112 brevis
1511 2070 1588 2127 sit,

183 2133 293 2195 quid
315 2133 665 2183 demonstratum
696 2132 831 2177 fuerit
865 2132 1028 2179 ob]itus
1059 2150 1118 2180 es.
1154 2138 1207 2180 D.
1234 2138 1330 2180 Jam
1353 2138 1553 2201 intelligo
1579 2163 1589 2188 :

184 2221 289 2251 nam
316 2205 473 2267 utique
494 2205 527 2249 si
557 2203 759 2249 ultimam
782 2203 993 2263 syllabam
1019 2206 1221 2264 brevem,
1247 2209 1426 2269 quando
1462 2223 1595 2259 restat

185 2278 406 2323 silentium
419 2313 430 2334 ‚
446 2276 625 2336 longam
642 2293 767 2322 aures
787 2277 1037 2338 accipiunt,
1058 2279 1170 2325 sicut
1191 2281 1412 2340 superiore
1426 2285 1593 2332 rationo.

186 2349 482 2411 exemplisque
503 2350 812 2409 cognovimus⁷
838 2350 949 2395 nihil
972 2351 1170 2398 intererit
1188 2363 1338 2398 utrum
1361 2366 1461 2415 post
1485 2359 1591 2405 dac-

187 2422 330 2482 tylum
352 2422 570 2467 trochaeus
587 2458 598 2478 ‚
625 2439 681 2468 an
704 2421 925 2483 spondeus
946 2421 1132 2470 locetur.
1165 2426 1466 2479 Quamobrem
1487 2448 1589 2478 cum

188 2495 390 2556 repetitio
406 2494 717 2555 distinguenda
732 2495 905 2541 silentio
921 2505 985 2541 est
998 2532 1009 2553 ,
1031 2514 1166 2543 unam
1179 2496 1355 2558 longam
1373 2492 1589 2559 syllabam

188 2577 362 2628 oportet
395 2576 495 2628 post
525 2567 749 2627 dactylum
790 2584 977 2628 ponere,
1014 2579 1065 2615 ut
1109 2569 1299 2616 duorum
1338 2582 1587 2635 temporum

460 2649 583 2681 cvm.
1348 2645 1400 2683 27
