1888 3168
481 228 604 256 Linssn
640 229 692 255 DE
726 227 1001 265 (μΑΝΉΤΛΤΕ
1036 226 1197 255 AMMAE.
1456 219 1538 257 273

142 296 277 341 (lebet
309 295 448 339 videri
481 294 651 339 animus
679 294 791 339 sicut
830 309 987 354 corpus
1019 294 1253 339 crescendo
1283 309 1384 338 eum
1415 302 1542 338 aetate

143 368 381 427 proficere:
408 365 677 426 proficiendo
701 365 818 410 enim
840 364 896 410 ad
917 365 1124 410 virtutem
1153 365 1375 425 pervenit,
1408 381 1540 426 quam

144 438 338 483 fatemur
359 437 481 482 nulla
499 437 626 497 spatii
649 436 968 496 magnitudine,
995 435 1071 481 sed
1092 452 1248 495 magna
1269 437 1311 481 vi
1335 446 1543 481 constan-

145 509 218 554 tiae
239 510 469 570 pulchram
487 524 578 554 esse
601 519 732 570 atque
755 507 992 569 perfectam
1012 528 1019 552 z
1046 516 1090 552 et
1116 507 1149 552 si
1173 507 1292 552 aliud
1310 509 1539 567 estmajus,

147 580 268 625 aliud
295 579 472 636 melius,
494 590 545 625 ut
562 581 654 641 jam
678 579 857 636 dedisti,
884 579 1102 641 quidquid
1128 580 1267 624 anima
1292 595 1394 624 eum
1415 588 1544 623 ‘aetate

145 652 318 712 proficit
324 687 339 707 ,
365 667 632 713 composque
662 653 840 697 rationis
874 652 950 707 sit,
977 667 1066 696 non
1103 650 1210 695 mihi
1239 651 1412 695 videtui·
1450 648 1541 694 sieri

146 725 298 784 major,
320 722 396 768 sed
413 722 581 768 melior.
609 724 739 777 Quod
757 724 790 767 si
814 723 1114 769 membrorum
1132 723 1175 768 id
1197 723 1360 768 faceret
1382 738 1545 781 magni-

146 795 277 851 tudo,
305 810 356 839 eo
379 795 564 856 quisque.
598 794 857 856 prudentior
879 805 1010 851 esset,
1038 812 1126 856 quo
1148 794 1320 854 longior
1345 803 1420 839 aut
1442 793 1547 838 vali-

147 866 270 925 dior,
295 865 415 928 quod
437 883 480 910 se
504 866 628 911 aliter
648 867 826 922 habere,
848 883 939 912 non
957 867 1128 927 opinor,
1151 867 1344 926 negabis.
1372 870 1423 910 E.
1443 867 1549 920 Quis

147 939 266 984 istud
297 940 550 997 negaverit?
580 939 664 984 Sed
699 948 842 984 tamen
876 956 977 984 cum
1008 941 1219 1000 proficere
1250 939 1438 983 animam
1471 954 1548 998 per

150 1019 324 1055 {etatem
347 1011 478 1055 etiam
505 1019 549 1054 tu
568 1010 798 1066 concedas,
825 1011 958 1056 miror
980 1012 1056 1072 qui
1076 1013 1167 1064 siat,
1184 1021 1234 1056 ut
1253 1011 1392 1056 omnis
1410 1026 1548 1071 quan—

150 1082 281 1126 titatis
304 1097 475 1142 expers,
501 1081 668 1127 etiamsi
704 1099 793 1128 non
824 1083 1125 1129 membrorum
1168 1084 1324 1145 spatio,
1350 1092 1394 1127 at
1430 1090 1546 1127 certe

149 1154 358 1214 temporis
384 1153 632 1215 adjuvetur.

150 1302 1185 1323 ummmmmwvvurmwumwwuaummmwm'mfflfflMA
1191 1302 1401 1319 mmmm
1407 1303 1547 1320 RVVWWW

628 1436 846 1488 CAPUT
896 1439 1060 1489 XVII.

149 1587 335 1631 Anima
372 1587 532 1646 spatio
570 1587 797 1646 temporis
829 1601 1046 1633 crescere
1082 1585 1260 1633 (licitur
1293 1590 1546 1650 metapho-

773 1674 912 1704 rzcos.

209 1798 374 1841 XXIX.
401 1800 453 1841 A.
480 1799 643 1842 DEsmE
673 1790 846 1853 mirari,
866 1814 967 1843 nam
988 1807 1032 1843 et
1047 1798 1119 1843 hie
1141 1798 1217 1843 tibi
1235 1798 1363 1843 simili
1382 1800 1549 1845 ratione

150 1867 409 1928 respondeo.
445 1871 502 1913 Ut
534 1869 651 1913 enim
683 1869 985 1914 membrorum
1018 1869 1275 1928 magnitudo
1308 1870 1406 1915 ideo
1440 1871 1551 1915 nihil

151 1938 279 1982 affert
293 1940 539 2000 argumenti
560 1956 639 1981 eur
658 1940 849 1985 animam
864 1941 1058 1997 adjuvet,
1077 1941 1201 1998 quod
1211 1941 1339 1986 multi
1362 1942 1548 1987 exiliori—

151 2009 233 2054 bus
267 2008 630 2069 brevioribusque
667 2007 876 2052 membris
918 2007 1225 2068 prudentiores
1263 2010 1551 2058 inveniuntur

149 2081 417 2145 quibusdam
443 2097 602 2141 magna
642 2080 756 2126 mole
785 2081 976 2141 eorporis
1006 2080 1219 2141 praeditis:
1251 2083 1309 2127 ita
1340 2086 1550 2145 quoniam

147 2154 342 2215 juniores
372 2152 611 2198 nonnullos
639 2152 883 2197 senioribus
904 2152 1124 2214 plerisque
1148 2155 1284 2214 magis
1314 2155 1550 2204 industrios

151 2234 283 2287 atque
306 2234 505 2271 strenuos
522 2223 737 2280 videmus,
763 2223 1003 2269 nonvideo
1024 2241 1103 2270 cur
1123 2217 1321 2287 putanda
1343 2228 1429 2273 sint
1449 2245 1551 2290 spa-

151 2300 210 2345 tia
239 2299 446 2360 temporis
478 2299 525 2343 in
561 2298 765 2343 aetatibus
796 2297 1069 2343 incrementa
1102 2307 1153 2344 ut
1186 2301 1464 2361 corporibus,
1489 2305 1548 2350 sic

154 2368 307 2417 animis
344 2371 474 2415 dare:
509 2385 612 2415 eum
646 2379 690 2415 et
713 2369 805 2429 ipsa
842 2385 1040 2430 corpora,
1078 2369 1238 2431 quibus
1272 2387 1350 2432 per
1376 2383 1549 2435 tempus

153 2457 345 2489 crescere
363 2450 494 2502 atque
515 2439 724 2501 ampliora
747 2441 884 2501 spatia
903 2449 1048 2486 tenere
1065 2458 1319 2488 eoncessum
1341 2454 1418 2501 est,
1436 2462 1550 2507 saepe

156 2516 241 2561 sint
263 2512 493 2562 annosiora
510 2513 724 2567 breviora,
751 2529 839 2558 non
864 2512 996 2558 modo
1013 2514 1184 2569 senilia,
1205 2532 1305 2575 quze
1328 2519 1551 2576 magnitu-

157 2587 259 2631 dine
283 2584 489 2645 temporis
517 2585 838 2629 contrahuntur
861 2593 992 2644 atque
1015 2585 1298 2642 minuuntur,
1321 2586 1397 2631 sed
1420 2588 1549 2633 etiam

371 2667 493 2697 cvm.
1315 2658 1365 2698 18
