1852 3163
622 206 751 235 ana
783 205 836 234 m:
870 199 1003 235 ΒΕΛΤΑ
1037 206 1154 235 vim.
1509 194 1589 235 1-25

190 282 386 319 venerat.
411 275 523 319 Nam
541 287 644 317 cum
667 272 776 318 ratio
798 269 1137 325 demonstrasset
1154 288 1255 317 eum
1272 272 1450 317 beatum
1473 288 1586 328 esse,

190 345 268 406 qui
284 349 426 390 Deum
444 344 644 400 haberet,
666 360 748 389 nec
769 344 873 389 huic
891 344 1124 405 quisquam
1147 353 1339 390 vestrum
1364 344 1591 389 sententiae

189 417 438 473 restitisset,
470 416 705 477 quaesitum
735 426 799 462 est
826 417 1025 478 quisnam
1051 417 1173 462 vobis
1196 415 1417 461 videretur
1449 419 1592 460 Deum

190 490 370 535 habere.
397 492 461 534 De
482 505 571 550 qua
593 505 661 545 re,
687 489 721 533 si
744 489 859 533 bene
880 488 1083 544 memini,
1107 497 1193 532 tres
1216 487 1444 545 sententiae
1463 487 1591 532 dictae

188 571 306 606 sunt.
337 564 447 608 Nam
481 561 597 621 parti
635 561 803 622 placuit
824 564 964 606 Deum
987 561 1150 605 habere
1169 559 1320 616 illum,
1347 559 1424 621 qui
1453 575 1503 604 ea
1525 559 1593 605 fa-

189 642 307 678 ceret
328 649 428 694 quae
444 635 562 678 Deus
583 631 731 678 vellet.
758 631 948 687 Quidam
981 641 1127 678 autem
1150 631 1376 687 dixerunt,
1402 630 1525 693 quod
1557 631 1592 676 is

189 708 331 751 Deum
345 705 542 762 haberet,
569 705 647 766 qui
668 705 782 750 bene
798 705 978 751 viveret.
1000 703 1196 765 Reliquis
1217 719 1321 748 vero
1338 704 1383 747 in
1402 703 1460 747 eis
1482 709 1591 748 Deus

188 791 281 822 esse
301 776 418 822 visus
440 785 504 822 est
519 812 530 833 ,
556 777 603 822 in
625 776 786 839 quibus
808 777 886 839 qui
906 775 1162 822 immundus
1193 773 1440 837 appellatur
1454 810 1465 832 ,
1500 775 1590 836 spi-

188 847 295 893 ritus
315 863 406 894 non
427 857 507 894 est.

641 1057 936 1118 Qucestionis
969 1064 1140 1101 status.

244 1192 413 1236 XVIII.
442 1192 528 1236 SED
545 1189 728 1236 fortasse
751 1206 901 1236 omnes
923 1191 1102 1237 diversis
1125 1191 1267 1237 verbis
1290 1206 1432 1237 unum
1449 1190 1592 1236 idem-

184 1278 271 1323 que
308 1263 512 1307 sensistis.
538 1265 649 1309 Nam
673 1263 709 1307 si
731 1263 821 1308 duo
842 1263 983 1323 prima
1006 1263 1356 1319 consideremus,
1384 1273 1428 1308 et
1449 1263 1590 1308 omnis

184 1334 263 1395 qui
290 1334 402 1379 bene
430 1334 552 1389 vivit,
582 1349 631 1378 ea
651 1333 759 1378 facit
781 1350 882 1395 quae
912 1334 1010 1378 vult
1032 1338 1173 1392 Deus,
1206 1344 1250 1379 et
1271 1335 1413 1379 omnis
1440 1335 1517 1396 qui
1541 1351 1591 1380 ea

183 1404 291 1450 facit
309 1422 410 1466 quae
432 1405 530 1451 vult
546 1410 679 1460 Deus,
705 1405 818 1449 bene
839 1405 971 1463 vivit,
996 1421 1077 1449 nec
1107 1404 1350 1466 quidquam
1373 1416 1437 1451 est
1470 1405 1593 1451 aliud

182 1476 296 1521 116116
314 1476 461 1521 vivere
477 1512 487 1532 ,
514 1492 647 1537 quam
671 1492 721 1520 ea
741 1474 884 1520 facere
898 1492 998 1538 quae
1021 1483 1108 1521 Deo
1127 1476 1352 1536 placeant,
1378 1478 1461 1522 nisi
1480 1477 1590 1539 quid

182 1548 308 1595 Vobis
332 1547 454 1592 aliud
481 1547 672 1593 videtur.
706 1548 1085 1593 Assentiebantur.
1115 1549 1309 1594 Tertium
1342 1566 1447 1595 vero
1477 1550 1592 1597 illud

183 1619 317 1681 paulo
341 1618 592 1677 diligentius
610 1619 978 1664 considerandum
1001 1630 1080 1675 est,
1106 1631 1336 1681 propterea
1359 1622 1482 1682 quod
1503 1621 1592 1668 ritu

185 1690 524 1735 castissimorum
567 1705 792 1734 sacrorum
825 1690 1001 1749 spiritus
1053 1691 1331 1748 immundus,
1371 1703 1592 1754 quantum

183 1761 396 1820 intelligo,
414 1760 588 1805 duobus
602 1761 745 1806 modis
759 1761 971 1822 appellari
983 1761 1094 1806 solet
1111 1782 1118 1807 :
1136 1762 1208 1807 vel
1225 1762 1298 1808 ille
1322 1764 1398 1825 qui
1422 1765 1588 1810 extrin-

184 1849 306 1879 secus
328 1832 499 1878 invadit
515 1833 708 1877 animam
730 1848 970 1893 sensusque
1003 1834 1258 1891 conturbat,
1285 1844 1328 1879 et
1350 1836 1590 1897 quemdam

183 1906 437 1951 hominibus
458 1905 592 1950 infert
613 1904 831 1961 furorem,
867 1905 943 1966 qui
961 1905 1239 1951 excludendo
1262 1908 1339 1968 qui
1361 1919 1559 1968 praesunt
1575 1946 1586 1967 ,

184 1993 365 2022 manum
394 1977 622 2038 imponere
644 1976 713 2022 vel
753 1976 996 2021 exorcizare
1030 1977 1264 2034 dicuntur,
1294 1979 1380 2024 hoc
1413 1990 1478 2026 est
1514 1998 1593 2042 per

185 2047 334 2094 divina
371 2064 474 2093 eum
518 2047 763 2110 adjurando
796 2048 1029 2108 expellere.
1074 2049 1212 2095 Aliter
1251 2060 1397 2096 autem
1431 2051 1592 2099 dicitur

185 2121 362 2182 spiritus
382 2120 655 2175 immundus,
677 2120 820 2163 omnis
843 2121 1022 2166 omnino
1037 2122 1180 2167 anima
1197 2122 1450 2183 immunda,
1468 2125 1589 2187 quod

185 2191 297 2237 nihil
318 2201 383 2236 est
404 2189 526 2236 aliud
548 2206 681 2252 quam
707 2190 822 2236 vitiis
853 2199 896 2235 et
917 2193 1136 2238 erroribus
1158 2192 1403 2255 inquinata.
1432 2199 1589 2258 Itaque

187 2263 263 2309 abs
286 2272 329 2307 te
354 2279 528 2324 quaero,
554 2271 606 2306 tu
638 2277 771 2323 puer,
812 2261 888 2323 qui
918 2261 1100 2308 fortasse
1123 2263 1349 2325 aliquanto
1373 2269 1590 2315 sereniore

188 2351 238 2380 ac
260 2335 513 2396 purgatiore
530 2333 686 2394 spiritu
706 2334 833 2378 istam
855 2335 1115 2380 sententiam
1130 2335 1372 2396 protulisti,
1398 2340 1495 2400 quis
1510 2341 1590 2385 tibi

187 2405 388 2453 videatur
398 2405 679 2451 immundum
697 2405 898 2467 spiritum
914 2423 1005 2452 non
1026 2407 1206 2464 habere,
1227 2407 1381 2454 ille-ne
1394 2411 1471 2471 qui
1503 2411 1591 2456 dae-

185 2494 364 2524 monem
398 2494 488 2524 non
519 2478 672 2535 habet,
698 2493 788 2541 quo
819 2479 966 2524 vesani
1008 2480 1206 2525 homines
1229 2481 1323 2525 fieri
1341 2481 1498 2539 solent,
1534 2501 1589 2530 an

188 2549 260 2597 ille
278 2550 355 2613 qui
373 2550 567 2598 animam
595 2565 718 2597 suam
740 2566 764 2597 a
779 2550 894 2602 vitiis
927 2551 1222 2613 omnibusque
1245 2554 1432 2613 peccatis
1459 2570 1591 2601 1111111-
