1852 3163
222 180 302 219 158
654 186 688 216 s.
725 185 959 217 Aucusrmm
991 188 1176 217 EPISCOPI

218 256 352 315 igitur
376 253 531 299 ordine
560 251 816 299 includitur.
842 254 1013 308 Quibus
1037 253 1164 299 dictis
1185 254 1321 300 resilit
1341 269 1365 301 e
1385 264 1522 302 strato
1538 291 1553 313 ,
1575 266 1620 302 ct

214 327 304 387 jam
326 324 467 369 lenior
483 340 590 370 voce
621 341 724 370 cum
754 326 793 369 ei
814 325 1001 371 verbum
1035 341 1164 371 nemo
1196 326 1361 372 faceret
1383 346 1393 374 z
1417 327 1618 374 Nihil-ne

217 396 347 451 mihi,
373 396 539 457 inquit,
564 396 635 440 vcl
656 405 706 440 tu
728 396 805 457 qui
826 396 1076 456 compulisti
1098 397 1155 442 ad
1177 397 1258 443 ista
1278 398 1546 459 respondes?

275 469 376 512 XX.
411 468 494 513 Cui
528 483 607 526 ego
626 487 634 513 z
659 470 780 513 Nova
807 483 927 512 nunc
948 467 1099 528 religio
1119 469 1270 515 isthaec
1291 470 1338 516 in
1354 479 1397 515 te
1418 469 1616 526 incessit,

217 539 326 584 cedo
343 574 355 595 ‚
380 539 576 600 inquam.
605 538 690 584 Sed
703 538 825 600 quod
842 539 1066 585 videbitur
1084 555 1162 601 per
1184 540 1302 586 diem
1315 541 1592 603 respondebo
1605 577 1618 599 ‚

216 611 294 671 qui
314 609 423 654 mihi
431 611 524 671 jam
546 608 718 654 videtur
733 609 874 655 redire
887 610 998 667 ‚nisi
1014 610 1134 656 lunae
1152 621 1216 658 est
1236 611 1310 658 ille
1332 613 1409 675 qui
1422 611 1621 658 fenestris

217 681 364 741 fulgor
393 681 634 726 inducitur.
672 680 811 727 Simul
839 691 883 727 et
917 682 1139 742 agendum
1160 693 1249 741 est,
1278 700 1335 729 ne
1357 693 1479 730 tanta
1503 684 1622 730 bona

218 762 317 810 tua⁷
336 753 527 810 Licenti,
556 753 790 798 absorbeat
810 753 988 800 oblivio.
1014 754 1202 809 Quando
1225 755 1345 800 enim
1366 765 1529 802 nostrae
1551 755 1623 800 lit-

217 833 321 869 terae
338 841 428 870 non
443 825 524 870 sibi
537 825 633 870 liaec
646 824 843 871 mandari
862 825 1246 886 flagitentPDicam
1259 825 1390 887 plane
1401 827 1492 872 tibi
1501 826 1623 888 quod

217 897 377 953 sentio,
426 897 665 958 disputabo
703 897 933 943 adversum
968 907 1010 944 te
1043 909 1263 961 quantum
1294 914 1495 960 possum,
1530 914 1623 944 non

217 968 334 1013 enim
355 969 478 1026 mihi,
500 970 535 1015 si
557 986 627 1014 me
648 970 816 1027 viceris,
842 972 981 1032 major
1001 971 1252 1032 triumphus
1276 969 1371 1016 dari
1392 979 1551 1031 potest.
1580 970 1623 1016 Si

214 1050 362 1085 autem
387 1041 459 1086 vel
481 1041 711 1087 calliditati
733 1042 803 1087 vel
826 1053 955 1089 acuto
987 1044 1164 1089 cuidam
1194 1043 1330 1088 errori
1357 1043 1591 1088 hominum
1607 1077 1619 1098 ‚

216 1127 409 1172 quorum
426 1122 570 1172 partes
587 1114 805 1172 suscipere
823 1116 1004 1158 tentabo
1018 1148 1029 1170 ‚
1055 1116 1230 1158 cesserit
1250 1113 1528 1158 imbecillitas
1546 1123 1623 1158 tua

214 1200 315 1244 quae
344 1184 488 1229 minus
511 1193 633 1244 pasta
664 1182 912 1229 eruditione
934 1183 1266 1244 disciplinarum
1289 1193 1462 1231 tantum
1482 1188 1623 1230 Deum

219 1254 402 1301 fortasse
425 1255 638 1300 sustinere
678 1271 768 1301 non
787 1256 972 1316 poterit,
999 1272 1065 1301 res
1100 1266 1143 1301 te
1175 1258 1268 1318 ipsa
1299 1255 1620 1312 commonebit,

213 1337 393 1386 quantae
414 1327 496 1370 tibi
511 1327 624 1371 vires
645 1336 696 1372 ut
716 1327 763 1371 in
785 1343 888 1370 eum
916 1328 1086 1373 firmior
1107 1327 1258 1375 redeas
1280 1328 1488 1390 parandae
1510 1327 1620 1373 sint:

214 1395 346 1442 simul
368 1396 472 1458 quia
492 1404 536 1440 et
552 1395 680 1440 istam
698 1395 1043 1456 disputationem
1066 1409 1262 1443 nostram
1287 1400 1504 1445 elimatius
1521 1397 1624 1444 volo

214 1468 473 1530 provenire,
507 1482 602 1513 non
629 1466 747 1512 enim
780 1482 878 1512 eam
910 1468 1065 1528 grossis
1103 1468 1282 1514 auribus
1317 1468 1476 1514 debeo.
1511 1470 1624 1515 Nam

217 1539 436 1585 Zenobius
459 1549 607 1585 noster
627 1538 770 1584 multa
784 1555 959 1585 mecum
976 1555 1090 1601 saepe
1108 1539 1163 1585 de
1180 1555 1329 1585 rerum
1345 1539 1499 1585 ordine
1515 1554 1624 1585 con-

214 1610 331 1668 tulit,
361 1611 434 1657 cui
453 1610 541 1656 alta
557 1613 864 1671 percunctanti
883 1626 1113 1673 nunquam
1127 1610 1373 1657 satisfacere
1387 1612 1530 1672 potui,
1546 1628 1624 1658 seu
1655 1606 1658 1609 ’

212 1692 393 1745 propter
416 1682 734 1728 obscuritatem
758 1697 908 1728 rerum
922 1718 933 1739 ‚
966 1698 1045 1729 seu
1064 1691 1247 1744 propter
1267 1692 1520 1744 temporum
1543 1699 1626 1729 an-

213 1755 390 1815 gustias.
423 1754 692 1801 Crebrarum
722 1764 870 1801 autem
900 1753 974 1800 ille
1008 1755 1458 1816 procrastinationum
1480 1771 1622 1817 usque

212 1827 322 1873 adeo
349 1827 579 1888 impatiens
609 1826 722 1884 fuit,
760 1837 812 1873 ut
832 1843 902 1873 me
927 1844 1018 1889 quo
1040 1828 1294 1888 diligentius
1325 1838 1369 1874 et
1399 1827 1622 1890 copiosius

217 1898 480 1960 respondere
505 1914 707 1959 cogerer,
743 1899 874 1944 etiam
898 1900 1091 1945 carmine
1112 1910 1398 1960 provocaret,
1428 1910 1474 1946 et
1499 1900 1622 1946 bono

215 1970 431 2026 carmine,
462 1969 583 2014 unde
602 1969 732 2014 illum
763 1970 900 2030 magis
929 1985 1062 2016 ames.
1102 1972 1188 2017 Sed
1219 1972 1365 2033 neque
1392 1980 1501 2017 tunc
1540 1971 1623 2016 tibi

212 2043 298 2103 legi
322 2042 468 2104 potuit
489 2042 544 2087 ab
561 2042 745 2087 istarum
775 2058 922 2088 rerum
949 2043 1094 2089 studio
1129 2043 1442 2098 remotissimo,
1473 2057 1620 2103 neque

212 2130 332 2160 nunc
348 2123 511 2175 potest.
530 2115 641 2159 Nam
659 2112 875 2174 profectio
897 2115 988 2173 ejus
1010 2123 1101 2157 tam
1123 2113 1354 2173 repentina
1376 2121 1420 2158 et
1442 2120 1620 2173 portur-4

211 2186 313 2231 bata
343 2184 430 2231 fuit
457 2184 655 2230 tumultu
682 2183 784 2240 illo,
815 2193 867 2229 ut
888 2183 999 2228 nihil
1025 2183 1210 2229 istorum
1238 2183 1388 2229 venire
1415 2184 1544 2229 nobis
1571 2185 1620 2229 in

210 2266 403 2301 mentem
425 2256 618 2317 potuerit
638 2275 647 2301 ;
668 2271 770 2299 nam
791 2253 838 2299 id
858 2254 1105 2316 relinquere
1119 2254 1227 2300 mihi
1240 2270 1505 2315 responsuro
1527 2254 1619 2300 sta'-

212 2337 382 2373 tuerat:
408 2337 453 2372 et
476 2327 617 2372 multa
644 2335 918 2371 concurrunt
945 2343 1025 2371 cur
1045 2328 1086 2371 ei
1115 2342 1256 2372 sermo
1284 2325 1365 2371 iste
1397 2326 1615 2372 mittatur.

213 2399 408 2444 Primum
429 2408 515 2455 est,
541 2398 643 2460 quia
672 2397 875 2443 debetur.
902 2396 1072 2444 Deinde
1096 2397 1198 2458 quia
1227 2396 1477 2458 cujusmodi
1497 2412 1620 2442 nune

213 2471 347 2515 vitam
366 2469 598 2526 ducamus,
623 2469 755 2515 etiam
776 2469 836 2515 sic
857 2468 1043 2514 indicari
1068 2469 1161 2528 ejus
1182 2468 1230 2513 in
1251 2484 1331 2513 nos
1348 2468 1620 2514 benevolen-

212 2541 285 2588 tiae
315 2541 458 2589 decet.
491 2545 715 2588 Postremo
739 2539 862 2602 quod
890 2540 937 2588 in
960 2539 1121 2601 gaudio
1153 2538 1209 2586 de
1238 2555 1316 2601 spe
1348 2547 1425 2587 tua
1443 2539 1612 2586 nemini
