1852 3163
655 236 710 263 DE
742 233 903 264 omium
935 234 1018 263 Lm.
1054 235 1103 261 11.
1498 220 1581 258 215

189 318 280 348 non
294 311 358 348 est
374 301 662 348 immortalis?
677 301 908 349 Sedunum
920 300 976 346 ad
984 301 1074 346 duo
1088 337 1098 358 ,
1113 299 1185 346 vel
1199 300 1290 345 duo
1305 299 1359 345 ad
1373 308 1581 360 quatuor,

189 376 429 421 verisssima
450 375 560 420 ratio
579 383 657 419 est.
687 376 776 421 Nec
804 374 942 434 magis
980 374 1074 418 heri
1102 371 1188 418 fuit
1218 372 1300 417 ista
1332 373 1443 417 ratio
1479 387 1583 417 vera

189 445 582 508 quamhodieznec
600 447 736 506 magis
758 462 850 491 eras
868 455 944 492 aut
960 455 1060 507 post
1077 459 1242 490 annum
1265 443 1347 488 erit
1358 458 1483 489 vera:
1503 459 1586 489 nec

188 520 222 564 si
234 519 373 565 omnis
395 519 476 563 iste
497 519 690 563 mundus
712 518 936 576 concidat,
953 518 1116 579 poterit
1136 517 1216 562 ista
1238 516 1350 562 ratio
1368 527 1459 561 non
1475 530 1581 561 esse.
1608 528 1611 545 ’·

188 593 275 635 Ista
298 590 415 635 enim
450 605 622 651 semper
645 590 737 636 talis
762 599 848 649 θεῖς
867 589 1059 635 mundus
1081 598 1230 635 autem
1266 588 1346 633 ista
1377 594 1458 632 nec
1491 587 1585 631 heri

187 661 365 719 habuit,
387 678 468 708 nec
486 679 579 707 eras
601 661 1066 724 habebitquodhabet
1086 660 1242 716 hodie,
1274 675 1355 705 nec
1370 657 1586 704 hodierno

187 734 281 795 ipso
303 733 374 779 die
389 770 399 790 ,
420 734 491 779 vel
509 735 648 795 spatio
664 735 794 781 unius
810 735 931 780 horae
954 732 1110 779 eodem
1126 732 1223 778 loco
1242 731 1379 777 solem
1400 730 1584 777 habuit:

186 806 245 850 ita
263 821 366 851 cum
389 806 435 851 in
458 822 510 852 eo
528 806 640 851 nihil
654 816 825 863 manet,
846 806 956 851 nihil
969 805 1041 852 vel
1057 821 1193 867 parvo
1213 805 1353 866 spatio
1381 803 1588 865 temporis

185 877 322 923 habet
343 876 499 923 eodem
521 877 670 923 modo.
695 878 835 939 Igitur
857 878 892 923 si
913 878 1169 924 immortalis
1188 886 1251 923 est
1278 876 1411 932 ratio,
1439 884 1484 921 et
1508 890 1588 934 ego

185 949 263 1010 qui
285 949 365 994 ista
382 949 527 994 omnia
547 949 619 994 vel
636 948 836 996 discerno
852 949 923 996 vel
941 959 1156 996 connecto
1169 984 1180 1006 ‚
1198 949 1308 994 ratio
1324 963 1448 993 sum:
1473 945 1587 991 illud

185 1037 276 1082 quo
297 1021 482 1066 mortale
498 1021 718 1083 appellor,
739 1038 829 1068 non
850 1031 914 1067 est
930 1037 1094 1068 meum.
1111 1025 1202 1068 Aut
1219 1021 1253 1066 si
1277 1021 1419 1066 anima
1435 1035 1526 1064 non
1543 1017 1589 1063 id

185 1103 250 1138 est
285 1094 409 1156 quod
438 1094 572 1151 ratio,
603 1104 647 1139 et
679 1104 828 1140 tamen
851 1095 1017 1140 ratione
1051 1104 1174 1152 utor,
1202 1103 1246 1139 et
1266 1109 1345 1155 per
1374 1092 1588 1137 rationem

183 1164 340 1211 melior
363 1182 485 1212 sum:
511 1182 535 1211 a
565 1165 781 1212 deteriore
811 1166 865 1213 ad
888 1166 1067 1223 melius,
1084 1183 1107 1211 a
1129 1165 1305 1211 mortali
1327 1165 1383 1210 ad
1405 1165 1588 1209 immor·-

182 1235 269 1281 tale
290 1237 551 1297 fugiendum
569 1248 648 1284 est.
677 1242 780 1284 Haec
799 1248 842 1284 et
859 1238 941 1283 alia
965 1237 1103 1283 multa
1134 1253 1281 1284 secum
1303 1236 1449 1282 anima
1471 1235 1586 1280 bene

184 1310 355 1355 erudita
388 1310 586 1372 loquitur
599 1347 609 1366 ‚
631 1320 764 1372 atque
802 1311 938 1371 agitat
956 1332 965 1356 ε
994 1327 1094 1372 quae
1126 1309 1329 1372 persequi
1370 1307 1495 1363 nolo7
1530 1324 1586 1352 ne

184 1397 286 1427 cum
325 1381 525 1427 ordinem
554 1398 631 1428 vos
672 1382 831 1427 docere
854 1384 1011 1443 cupio,
1035 1381 1220 1428 modum
1247 1381 1481 1437 excedam,
1507 1380 1586 1442 qui

182 1463 308 1514 pater
323 1463 386 1499 est
407 1453 586 1499 ordinis.
606 1454 831 1500 Gradatim
845 1454 961 1499 enim
979 1471 1024 1500 se
1036 1491 1047 1512 ,
1074 1464 1117 1500 et
1132 1454 1188 1499 ad
1205 1469 1348 1500 mores
1361 1453 1586 1513 vitamque

183 1526 395 1587 optimam
427 1543 518 1572 non
538 1528 630 1588 jam
669 1527 760 1573 sola
781 1527 895 1585 fide,
915 1527 991 1573 sed
1020 1536 1137 1573 certa
1173 1527 1342 1572 ratione
1365 1524 1583 1587 perducit.

181 1599 267 1645 Cui
288 1615 575 1645 numerorum
605 1600 695 1645 vim
717 1610 849 1661 atque
860 1600 1101 1661 potentiam
1120 1599 1351 1659 diligenter
1373 1598 1580 1654 intuenti,

181 1671 310 1717 nimis
343 1671 574 1731 indignum
603 1671 827 1717 videbitur
861 1682 905 1720 et
935 1672 1063 1718 nimis
1096 1672 1318 1728 flendum,
1352 1686 1430 1733 per
1463 1686 1585 1716 suam

181 1743 406 1788 scientiam
421 1759 597 1789 versum
614 1744 727 1789 bene
747 1760 923 1790 currere
939 1745 1242 1806 citharamque
1257 1743 1489 1790 concinere
1504 1779 1515 1799 ,
1541 1751 1586 1788 et

181 1830 308 1861 Suam
328 1815 464 1861 vitam
491 1832 624 1878 seque
654 1817 794 1876 ipsam
807 1833 908 1878 quae
928 1817 1072 1863 anima
1090 1825 1176 1872 est,
1203 1815 1382 1861 devium
1415 1816 1499 1860 iter
1520 1829 1588 1860 se-

182 1887 282 1948 qui,
307 1896 351 1932 et
367 1887 623 1933 dominante
642 1888 723 1932 sibi
756 1887 965 1943 libidine,
989 1904 1092 1934 eum
1114 1887 1366 1949 turpissimo
1384 1903 1428 1933 se
1447 1886 1580 1933 vitio-

182 1975 283 2003 rum
303 1960 488 2020 strepitu
506 1958 746 2004 dissonare.

244 2034 317 2076 LI.
353 2033 467 2078 Cum
490 2047 641 2076 aurem
659 2047 703 2076 se
719 2033 1014 2092 composuerit
1032 2042 1075 2078 et
1096 2031 1390 2088 ordinaverit,
1415 2046 1464 2076 ac
1482 2047 1586 2077 con-

183 2104 357 2148 cinnam
371 2103 689 2165 pulchramque
699 2103 954 2160 reddiderit,
972 2104 1154 2150 audebit
1162 2105 1254 2166 jam
1267 2108 1410 2150 Deum
1417 2103 1583 2159 Videre,

183 2184 315 2236 atque
333 2176 477 2236 ipsum
493 2174 660 2220 fontem
673 2212 683 2232 ,
705 2174 824 2235 unde
841 2185 990 2222 manat
1007 2192 1137 2222 omne
1154 2192 1309 2222 verum
1320 2212 1330 2232 ‚
1349 2177 1582 2237 ipsumque

183 2250 358 2291 Patrem
375 2247 592 2293 Veritatis.
611 2251 726 2293 Deus
748 2263 905 2307 magne
919 2284 929 2303 7
947 2248 1022 2310 qui
1043 2257 1173 2292 erunt
1189 2247 1253 2292 illi
1277 2247 1392 2293 oculi
1410 2283 1421 2304 ,
1447 2263 1583 2309 quam

183 2319 297 2374 sani,
331 2334 466 2379 quam
501 2318 674 2376 decori,
701 2336 834 2381 quain
875 2319 1071 2365 valentes
1085 2355 1096 2376 ,
1135 2336 1267 2381 quam
1305 2329 1553 2365 constantes
1568 2355 1578 2373 ‚

183 2405 316 2450 quani
340 2391 506 2446 sereni,
532 2406 666 2452 quam
689 2391 828 2436 beati!
846 2390 964 2444 Quid
987 2400 1134 2436 autem
1156 2400 1220 2436 est
1241 2389 1354 2435 illud
1370 2391 1493 2452 quod
1514 2391 1583 2435 vi·-

184 2462 318 2507 dent?
341 2462 460 2516 Quid
482 2466 662 2524 quaeso?
684 2463 803 2518 Quid
832 2463 1096 2508 arbitremur
1111 2500 1121 2519 ‚
1146 2463 1256 2526 quid
1289 2464 1553 2508 aestimemus
1569 2498 1581 2519 ‚

184 2533 292 2595 quid
313 2533 574 2595 loquamur?
587 2535 853 2590 Quotidiana
871 2535 1005 2580 verba
1028 2544 1289 2590 occurrunt,
1303 2544 1346 2579 et
1363 2533 1584 2580 sordidata

185 2615 287 2650 sunt
310 2607 456 2652 omnia
472 2607 684 2653 vilissimis
701 2608 845 2653 rebus.
864 2606 983 2655 Nihil
1001 2608 1187 2667 amplius
1199 2607 1363 2663 dicam,
1386 2607 1467 2651 nisi
1481 2622 1583 2667 pro-
