1888 3168
144 296 356 315 m'vmrwv}
361 293 1539 314 mmmmmvmmmmwuwuwmmmuwvmmmw

449 574 1216 645 ANNOTATIONES.

550 1233 809 1278 ΑΝΝΟΤΑΤῐο
829 1232 895 1292 (1)
916 1245 1016 1293 pag.
1042 1235 1111 1275 16.

208 1391 316 1437 Bad.
338 1406 543 1437 munera
562 1406 826 1438 cursorum.
854 1393 940 1438 Sed
963 1391 1035 1437 alii
1055 1391 1225 1437 codices
1248 1405 1422 1435 summo
1439 1389 1553 1436 inter

147 1480 194 1510 se
215 1478 430 1508 consensu
446 1463 614 1508 habent
629 1499 640 1514 ,
666 1480 900 1508 ursorum.
928 1464 1195 1508 Inusitatum
1216 1461 1457 1523 quodpiam
1482 1461 1554 1507 lu-

150 1535 310 1581 dorum
353 1549 491 1594 genus
527 1534 598 1578 hic
631 1534 861 1578 nominare
895 1534 1036 1579 voluit
1068 1533 1357 1591 Augustinus.
1406 1533 1555 1578 Ludos

151 1620 311 1666 nempe
326 1640 337 1662 ‚
373 1605 477 1665 quia
503 1603 745 1648 liberaliter
765 1603 933 1664 populo
959 1618 1195 1648 munerum
1218 1603 1354 1647 instar
1373 1603 1555 1648 exhibe—

150 1678 331 1733 bantur,
368 1691 552 1721 munera
579 1674 812 1720 vocabant.
851 1674 964 1720 Hinc
996 1674 1052 1720 de
1081 1673 1197 1720 ludis
1227 1675 1431 1735 praestitis
1464 1691 1556 1720 non

151 1747 267 1793 male
297 1747 561 1807 intelligitur
582 1744 755 1792 concilii
788 1744 1049 1791 Eliberitani
1081 1761 1178 1792 can.
1206 1765 1273 1791 111.
1299 1745 1556 1792 Flamines

152 1822 238 1880 qui
246 1835 344 1866 non
354 1817 722 1874 immolaverint,
733 1815 823 1863 sed
831 1833 1005 1863 munus
1018 1826 1207 1864 tantam
1220 1816 1457 1875 dederint,
1469 1828 1553 1865 etc.

573 1974 831 2018 ΑΝΝοΤΑΤΙο
853 1972 919 2031 (2)
939 1986 1040 2032 pag.
1069 1978 1138 2016 18.

215 2133 324 2177 Erat
343 2130 466 2176 haud
487 2130 638 2176 dubiae
659 2131 957 2176 Romanianus
981 2146 1033 2176 ex
1053 2146 1206 2176 eorum
1221 2146 1430 2188 numero,
1450 2147 1562 2193 quos

157 2203 204 2247 in
217 2203 566 2248 Manichaeorum
583 2203 783 2248 haeresim
801 2218 949 2248 secum
965 2203 1222 2264 pertraxisse
1240 2202 1375 2248 deflet
1391 2206 1562 2263 Augus-

158 2277 276 2319 tinus
292 2272 370 2318 lib.
393 2293 453 2319 1v.
475 2274 606 2320 Conf.
625 2290 663 2319 c.
682 2282 721 2320 1.
744 2277 910 2319 Verum
932 2276 966 2320 is
989 2291 1168 2336 quoque
1187 2274 1244 2320 ad
1260 2290 1407 2319 sanam
1427 2275 1562 2318 fidem

160 2345 398 2407 aliquando
439 2361 482 2391 se
513 2346 679 2407 recepit
711 2365 720 2391 :
753 2347 919 2408 quippe
952 2348 1029 2409 qui
1061 2348 1357 2406 Augustinum
1392 2362 1563 2406 semper

160 2417 298 2463 coluit
318 2417 540 2478 impense,
578 2427 622 2462 et
652 2428 960 2479 nuncupatum
981 2419 1064 2463 sibi
1098 2418 1153 2462 ab
1187 2419 1280 2478 ipso
1313 2417 1479 2462 librum
1502 2414 1563 2461 de

167 2487 224 2535 V
222 2503 308 2533 era
328 2486 579 2551 Relz'gz'one
593 2524 605 2545 ,
631 2487 803 2550 aliaque
824 2489 957 2550 ipsius
977 2489 1137 2550 scripta
1161 2488 1209 2533 in
1236 2504 1397 2548 magno
1420 2488 1561 2548 pretio

162 2559 319 2606 habuit
334 2581 346 2619 3
362 2576 411 2608 ae
428 2560 608 2607 demum
624 2576 702 2623 per
713 2560 878 2609 litteras
896 2578 920 2608 a
936 2561 1121 2608 Paulino
1134 2560 1316 2609 Nolensi
1334 2561 1555 2621 episcopm
