1883 3194
294 219 347 258 74
729 228 764 257 S.
801 228 1032 257 AUGUsTINI
1063 228 1247 256 EPISCOPI

291 306 408 341 certe
426 295 495 340 vel
518 295 611 339 istae
628 293 843 341 balneolae
865 295 1058 356 aliquam
1078 293 1244 339 decoris
1268 295 1596 354 gymnasiorum
1617 296 1684 343 ia-

291 367 409 412 ciant
429 366 792 412 recordationem:
813 365 944 422 adid,
963 367 997 411 si
1014 365 1174 426 placet,
1194 365 1316 428 quod
1330 382 1438 427 rogo
1451 368 1682 429 responde,

292 439 556 483 Videtur-ne
583 438 664 483 tibi
687 438 855 499 sapiens
881 437 1246 483 Academicorum
1267 437 1377 484 scire
1399 439 1686 500 sapientiam?

289 513 353 556 Ne
373 510 506 555 verba
527 510 672 555 verbis
689 509 936 566 referendo,
962 510 1123 571 inquit,
1149 511 1197 555 in
1217 509 1405 570 longum
1427 525 1593 569 eamus,
1618 512 1686 558 vi-

289 581 419 627 detur
443 582 582 627 videri
608 582 692 626 sibi
723 583 846 628 scire.
872 582 1059 627 Videtur
1081 598 1186 643 ergo
1203 618 1215 639 ,
1244 584 1451 645 inquam,
1475 585 1557 630 tibi
1586 601 1687 631 nes-

288 654 408 699 cire?
443 656 542 699 Non
574 653 693 698 enim
715 669 796 712 ego
825 670 978 715 quaero
999 654 1108 716 quid
1131 654 1214 699 tibi
1234 654 1439 701 videatur
1458 656 1598 702 videri
1618 673 1688 703 sa-

287 726 441 786 pienti,
472 725 550 771 sed
579 735 729 771 utrum
751 727 831 771 tibi
858 726 1059 772 videatur
1089 727 1258 788 sapiens
1281 727 1390 773 scire
1411 729 1682 789 sapientiam.

289 800 432 853 Potes,
449 806 500 842 nt
516 798 686 858 opinor,
707 798 779 843 hic
803 807 880 843 aut
896 798 1027 855 aiere,
1048 807 1126 844 aut
1139 814 1314 858 negare.
1335 801 1373 844 Ο
1394 800 1563 845 utinam
1579 836 1591 857 ,
1616 801 1687 846 in-

286 868 400 930 quit,
426 879 503 914 aut
527 869 588 914 ita
605 870 714 914 mihi
736 868 865 915 facile
887 879 998 915 esset
1021 879 1074 915 ut
1094 870 1177 930 tibi
1194 906 1205 927 ,
1231 880 1308 916 aut
1326 871 1387 916 ita
1408 871 1490 917 tibi
1508 871 1687 918 difficile

286 950 338 986 ut
371 940 507 997 mihi,
539 957 619 987 nec
652 951 744 987 tam
777 941 988 986 molestus
1009 957 1137 998 esses,
1172 957 1253 987 nec
1281 942 1327 986 in
1353 942 1421 987 his
1442 942 1688 1004 quidquam

284 1027 492 1073 sperares.
515 1017 626 1060 Nam
647 1030 750 1059 cum
767 1030 838 1059 me
859 1015 1165 1074 interrogares,
1182 1013 1292 1075 quid
1311 1014 1421 1059 mihi
1437 1013 1494 1060 de
1514 1015 1687 1060 Acade—

284 1084 400 1130 mico
421 1085 616 1145 sapiente
634 1085 836 1131 videatur
850 1121 862 1142 ,
886 1085 1093 1146 respondi
1104 1085 1244 1131 videri
1256 1086 1376 1130 (mihi
1393 1085 1516 1147 quod
1537 1085 1687 1132 videa-

285 1165 359 1204 tur
380 1156 463 1201 sibi
480 1157 588 1201 scire
609 1157 867 1217 sapientiam
881 1192 892 1213 ,
912 1173 969 1202 ne
991 1167 1066 1202 aut
1086 1166 1253 1202 temere
1272 1173 1344 1202 me
1366 1159 1474 1203 scire
1497 1159 1689 1203 affirma-

284 1243 393 1284 rem,
415 1237 492 1272 aut
511 1226 637 1272 illum
658 1243 749 1272 non
768 1228 912 1272 minus
922 1237 1086 1272 temere
1100 1228 1208 1273 scire
1226 1228 1434 1274 dicerem.
1455 1233 1541 1275 Pro
1559 1245 1687 1289 mag-

282 1316 358 1355 no,
390 1300 596 1362 inquam,
628 1300 843 1346 beneficio
861 1301 971 1346 mihi
996 1301 1181 1347 obsecro
1216 1301 1433 1348 concedas
1452 1303 1612 1363 primo,
1636 1312 1689 1349 ut

283 1371 341 1418 ad
362 1371 408 1417 id
424 1372 547 1434 quod
564 1387 647 1432 ego
667 1407 678 1428 ,
704 1387 796 1417 non
820 1371 876 1418 ad
895 1371 943 1416 id
967 1371 1090 1433 quod
1106 1380 1158 1417 tu
1178 1381 1222 1417 te
1243 1374 1486 1434 interrogas
1506 1389 1689 1435 respon-

281 1442 387 1489 dere
425 1444 633 1504 digneris.
671 1442 840 1490 Deinde
867 1453 920 1489 ut
946 1459 1069 1504 spem
1103 1459 1248 1488 meam
1262 1479 1274 1501 ,
1313 1460 1450 1506 quam
1482 1445 1564 1490 tibi
1596 1461 1689 1493 non

283 1515 428 1561 minus
446 1532 580 1572 curae,
607 1531 743 1577 quam
772 1524 897 1560 tuam
918 1530 1009 1560 esse
1030 1523 1152 1560 certo
1175 1514 1265 1560 scio
1284 1550 1296 1571 ,
1316 1531 1438 1561 nunc
1454 1515 1690 1576 paululum

283 1588 474 1633 omittas.
511 1588 641 1634 Certe
662 1587 699 1633 si
728 1602 799 1632 me
839 1587 922 1632 ista
952 1586 1295 1646 interrogatione
1321 1586 1536 1648 decepero
1555 1624 1567 1644 ,
1599 1589 1688 1635 cito

282 1659 480 1705 transibo
520 1659 569 1703 in
598 1668 724 1703 tuam
755 1667 952 1719 partem,
989 1658 1422 1720 controversiamque
1461 1659 1684 1708 finiemus,

283 1733 511 1776 Postremo
531 1739 583 1774 ut
602 1729 730 1790 pulsa
754 1729 902 1774 nescio
925 1744 1014 1790 qua
1034 1727 1347 1786 sollicitudine,
1375 1744 1466 1790 qua
1494 1738 1539 1775 te
1565 1731 1688 1790 tangi

281 1800 429 1857 video,
454 1799 706 1860 diligentius
727 1799 1070 1856 animadvertas,
1094 1815 1186 1861 quo
1201 1798 1330 1845 facile
1343 1799 1562 1861 intelligas
1577 1800 1688 1863 quid

282 1873 393 1919 mihi
410 1872 487 1918 abs
500 1882 543 1918 te
563 1870 819 1933 responderi
834 1871 983 1917 velim.
1008 1871 1163 1917 Dixisti
1182 1872 1301 1917 enim
1317 1870 1419 1918 ideo
1433 1881 1479 1918 te
1500 1888 1593 1918 non
1608 1882 1688 1920 aut

284 1945 399 1990 aiere
416 1954 494 1990 aut
513 1958 676 2004 negare
691 1979 703 2000 ,
728 1942 852 2005 quod
871 1942 1028 2004 utique
1055 1940 1310 1989 faciendum
1332 1952 1400 1989 est
1419 1942 1478 1989 ad
1498 1942 1547 1990 id
1561 1943 1686 2007 quod

283 2031 390 2076 rogo
405 2050 417 2073 ‚
442 2030 513 2061 ne·
528 2025 693 2061 temere
715 2023 760 2060 te
793 2014 904 2060 scire
925 2013 1046 2060 dicas
1080 2012 1206 2077 quod
1236 2014 1403 2061 nescis:
1434 2016 1559 2077 quasi
1578 2030 1686 2062 vero

284 2103 366 2148 ego
383 2086 493 2151 quid
513 2088 622 2134 scias
644 2086 914 2149 quaesierim,
941 2095 987 2132 et
1001 2101 1093 2133 non
1113 2085 1225 2148 quid
1244 2085 1325 2132 tibi
1344 2084 1563 2132 videatur.
1589 2089 1684 2133 Ita-

284 2176 371 2222 que
392 2171 513 2206 nunc
532 2159 707 2221 planius
728 2159 782 2219 (si
802 2167 952 2204 tamen
967 2158 1144 2219 planius
1159 2157 1247 2204 dici
1263 2160 1427 2220 potest)
1437 2158 1680 2219 interrogo.

283 2231 554 2278 Videtur-ne
576 2232 656 2278 tibi
677 2232 785 2278 scire
801 2231 1060 2292 sapientiam
1080 2231 1275 2292 sapiens,
1295 2232 1447 2277 annon
1474 2230 1651 2277 videtur
1663 2233 1684 2275 ἓ

287 2303 331 2349 Si
359 2303 562 2359 inveniri,
590 2303 753 2365 inquit,
778 2302 951 2364 sapiens
981 2301 1160 2364 qualem
1181 2300 1294 2347 ratio
1308 2301 1486 2362 prodit,
1516 2312 1679 2363 queat:

283 2384 428 2436 potest
449 2376 557 2420 mihi
577 2375 719 2420 videri
736 2375 846 2421 scire
860 2375 1135 2437 sapientiam.
1161 2373 1290 2420 Ratio
1305 2374 1458 2434 igitur,
1478 2375 1677 2436 inquam,

285 2445 417 2491 talem
432 2446 512 2491 tibi
525 2445 672 2506 prodit
694 2462 784 2491 esse
798 2446 1061 2507 sapientem,
1086 2445 1165 2507 qui
1182 2445 1442 2506 sapientiam
1458 2460 1550 2491 non
1562 2446 1680 2505 igno-

285 2525 388 2575 ret,
426 2526 471 2562 et
507 2527 625 2562 recte
656 2518 815 2563 isthuc.
862 2520 963 2564 Non
1002 2518 1120 2563 enirn
1156 2516 1280 2563 aliter
1321 2517 1507 2564 decebat
1539 2516 1679 2563 videri

286 2587 379 2631 tibi.
