1888 3168
656 151 710 177 nr.
743 149 896 177 Mi'smA
932 150 1012 176 1111.
1052 151 1110 176 vi.
1495 138 1576 176 503

182 217 256 262 sed
275 227 424 261 utrum
448 218 491 260 in
512 217 599 276 ipsa
623 217 763 259 anima
780 250 790 269 ‚
815 229 869 257 an
893 214 1022 257 etiam
1050 228 1178 272 supra
1203 214 1390 257 animam
1416 214 1575 259 nescio.

241 290 423 332 XXXV.
440 291 500 333 M.
522 288 563 332 Si
586 302 688 346 ergo
712 299 960 346 quaeramus
975 293 1111 328 artem
1134 285 1260 329 istam
1283 285 1579 343 rhythmicam

182 359 252 405 vel
283 361 508 404 metricam
523 393 534 414 ,
562 373 650 419 qua
673 366 860 402 utuntur
881 356 957 417 qui
979 369 1127 400 versus
1147 355 1338 410 faciunt,
1369 365 1580 416 putas-ne

183 431 346 477 habere
379 430 548 492 aliquos
580 445 808 485 numeros,
842 426 1086 474 secundum
1109 442 1220 488 quos
1244 427 1462 472 fabricant
1482 444 1582 473 ver-

183 505 280 549 sus?
299 507 349 548 D.
368 502 487 549 Nihil
504 501 623 547 aliud
646 517 823 563 possum
846 500 1103 546 existimare.
1129 501 1190 545 M.
1216 499 1493 561 Quicumque
1515 500 1584 545 isti

183 585 287 621 sunt
320 576 518 631 numeri,
555 575 779 635 praeterire
811 574 890 619 tibi
913 572 1119 619 videntur
1141 585 1243 617 cum
1275 571 1494 629 versibus,
1531 588 1587 618 an

183 649 386 693 manere?
406 650 456 691 D.
478 650 657 693 Manere
670 662 787 692 sane.
814 649 874 692 Μ.
901 643 1277 692 Consentiendum
1292 654 1356 689 est
1377 659 1504 705 ergo,
1530 645 1586 690 ab

185 719 403 780 aliquibus
426 718 705 763 manentibus
723 718 914 763 numeris
937 725 1250 778 praetereuntes
1271 714 1440 777 aliquos
1458 716 1589 762 fabri-

183 791 303 836 cari?
325 794 377 836 D.
404 791 533 849 Cogit
555 805 625 835 me
653 791 764 836 ratio
789 790 1050 836 consentire.
1076 792 1136 835 M.
1167 786 1286 843 Quid
1307 789 1422 834 hanc
1450 796 1587 834 artem

183 878 291 907 num
315 861 437 907 aliud
458 871 586 923 putas
608 877 741 922 quam
772 861 1052 906 affectionem
1074 859 1312 921 quamdam
1341 874 1432 904 esse
1454 859 1587 904 animi

184 935 358 980 artificis
368 937 386 981 Ξ)
398 939 448 980 D.
468 938 533 980 Ita
548 935 695 980 credo.
713 937 774 979 M.
791 932 1025 980 Credis-ne
1037 934 1151 978 hanc
1165 932 1444 978 affectionem
1458 932 1588 977 etiam

184 1022 274 1051 esse
293 1007 339 1051 in
362 1022 436 1062 eo,
462 1007 539 1067 qui
560 1007 692 1067 hujus
715 1006 816 1050 artis
839 1005 1065 1066 imperitus
1089 1006 1184 1049 est?
1206 1007 1258 1049 D.
1284 1003 1417 1050 Nullo
1434 1003 1584 1049 modo.

182 1082 243 1124 M.
271 1078 389 1133 Quid
406 1114 417 1134 ,
444 1079 490 1122 in
506 1076 584 1123 illo
611 1079 687 1139 qui
710 1077 873 1124 oblitus
895 1087 959 1122 est
981 1092 1075 1122 eam
1090 1079 1108 1122 i>
1125 1080 1176 1122 D.
1209 1079 1298 1122 Nec
1320 1077 1366 1121 in
1388 1076 1464 1122 illo
1484 1077 1588 1138 qui-

182 1149 284 1194 dem
300 1186 310 1206 ‚
332 1150 435 1211 quia
456 1159 499 1194 et
521 1150 612 1210 ipse
635 1150 862 1210 imperitus
886 1158 970 1205 est,
998 1150 1127 1194 etiam
1152 1149 1187 1194 si
1208 1149 1293 1194 fuit
1319 1148 1484 1208 peritus
1507 1147 1588 1192 ali-

182 1220 378 1282 quando.
396 1224 457 1266 M.
479 1219 619 1277 Quid,
639 1221 673 1266 si
695 1236 797 1265 eum
812 1221 1045 1281 quisquam
1066 1218 1376 1278 interrogando
1393 1234 1588 1263 comme-

182 1302 345 1349 moret,
371 1294 609 1353 remigrare
631 1292 687 1336 ad
717 1306 818 1335 eum
840 1300 969 1350 putas
986 1290 1084 1335 illos
1105 1305 1312 1335 numeros
1336 1290 1391 1335 ab
1419 1305 1471 1335 eo
1492 1291 1587 1351 ipso

181 1364 259 1424 qui
291 1364 558 1421 interrogat,
597 1377 652 1406 an
678 1360 802 1406 illum
827 1362 1085 1407 intrinsecus
1108 1361 1230 1422 apud
1252 1371 1446 1407 mentem
1465 1378 1588 1407 suam

181 1449 356 1479 movere
378 1448 421 1478 se
445 1433 500 1477 ad
523 1432 689 1494 aliquid
703 1468 714 1488 ,
740 1432 860 1477 unde
880 1433 961 1478 sibi
984 1434 1106 1494 quod
1128 1433 1330 1478 amiserat
1353 1433 1586 1479 redhibea-

185 1507 281 1550 tur?
305 1508 357 1550 D.
384 1504 516 1566 Apud
546 1505 827 1565 semetipsum
855 1513 964 1565 puto
988 1504 1034 1550 id
1053 1520 1196 1565 agere.
1230 1508 1291 1550 M.
1317 1508 1433 1551 Num
1455 1506 1588 1551 etlam

181 1593 282 1639 quae
312 1576 572 1637 corripiatur
600 1576 796 1635 syllaba,
833 1592 989 1637 quaeve
1026 1576 1297 1636 producatur
1335 1578 1369 1622 si
1410 1578 1586 1638 penitus

182 1647 372 1705 excidit,
411 1649 682 1693 commoneri
715 1663 817 1692 eum
850 1647 1163 1708 interrogando
1197 1648 1447 1705 arbitraris,
1483 1665 1586 1695 cum

180 1721 411 1766 hominum
435 1721 579 1781 prisco
597 1720 759 1780 placito
775 1730 818 1765 et
833 1736 995 1766 consue
1003 1719 1174 1776 tudine,
1192 1720 1284 1766 aliis
1304 1721 1470 1778 minor,
1492 1722 1585 1767 aliis

180 1793 318 1854 major
339 1807 461 1837 mora
482 1791 660 1851 syllabis
681 1791 782 1837 data
804 1792 888 1837 sit?
909 1795 1021 1839 Nam
1050 1791 1249 1854 profecto
1277 1793 1310 1837 si
1335 1803 1492 1839 natura
1513 1793 1584 1840 vel

181 1863 409 1925 disciplina
431 1863 478 1908 id
500 1864 636 1908 fixum
655 1873 765 1909 esset
787 1880 836 1909 ac
866 1862 1022 1909 stabile
1037 1899 1048 1920 ,
1078 1880 1168 1910 non
1195 1865 1446 1911 recentioris
1467 1874 1583 1912 tem-

179 1935 296 1995 poris
315 1935 433 1980 docti
449 1935 649 1979 homines
667 1934 901 1980 nonnullas
914 1934 1222 1996 produxissent
1236 1952 1345 1997 quas
1360 1937 1585 1998 corripue-

180 2015 286 2050 runt
302 2006 471 2068 antiqui
487 2042 498 2062 ‚
519 2005 589 2051 vel
606 2007 916 2067 corripuissent
932 2024 1040 2068 quas
1057 2007 1376 2068 produxerunt.
1399 2012 1450 2054 D.
1468 2013 1583 2055 Puto

181 2086 225 2122 et
236 2078 320 2123 hoc
334 2093 474 2139 posse,
493 2079 702 2138 quoniam
716 2080 999 2140 quantumvis
1018 2080 1217 2142 quidque
1233 2079 1419 2137 excidat,
1437 2090 1583 2142 potest

179 2148 520 2209 interrogatione
535 2160 907 2195 commemorante
921 2150 1062 2195 redire
1074 2151 1118 2196 in
1133 2152 1404 2198 memoriam.
1423 2156 1484 2198 M.
1503 2154 1584 2199 Mi-

181 2236 280 2264 rum
316 2221 351 2265 si
384 2220 594 2282 opinaris,
626 2222 781 2282 quovis
814 2222 1109 2282 interrogante
1137 2239 1261 2284 posse
1284 2233 1329 2268 te
1360 2224 1579 2271 recordari

181 2291 290 2353 quid
313 2301 413 2337 ante
450 2309 616 2338 annum
652 2294 908 2338 coenaveris.
942 2298 994 2339 D.
1033 2299 1192 2341 Fateor
1224 2312 1294 2341 me
1316 2313 1407 2342 non
1428 2313 1578 2358 posse,

182 2379 263 2409 nec
285 2363 410 2408 illum
427 2365 519 2424 jam
544 2365 740 2409 existimo
764 2365 818 2409 de
840 2365 1018 2430 syllabis
1046 2383 1193 2428 posse,
1227 2385 1415 2429 quarum
1442 2371 1577 2430 spatia

182 2435 354 2495 penitus
370 2434 532 2479 oblitus
561 2445 646 2491 est,
687 2436 997 2496 interrogando
1017 2437 1259 2484 admoneri.
1280 2442 1342 2485 M.
1376 2442 1466 2485 Cur
1487 2441 1545 2485 ita
1562 2475 1574 2496 ⁷

182 2506 263 2552 nisi
285 2507 386 2567 quia
409 2507 454 2552 in
471 2507 556 2553 hoc
578 2507 755 2553 nomine
784 2508 906 2569 quod
923 2509 956 2555 I
958 2508 1078 2555 talia
1101 2510 1288 2568 dicitur,
1316 2512 1454 2571 prima
1485 2512 1577 2570 syl-
