1852 3163
606 184 730 211 mnan
763 186 816 210 DE
849 181 981 210 BEA'rA
1018 183 1131 210 vrrs.
1486 174 1561 211 111

174 249 301 293 maris
325 248 439 293 illius
455 248 665 308 promissa
687 247 872 292 nimium
889 247 995 292 falso
1019 247 1199 292 ridentis
1217 247 1468 293 excludant.
1489 251 1569 293 Est

172 329 318 364 autem
346 336 482 380 genus
517 321 632 364 inter
657 322 750 365 haec
778 319 958 364 tertium
992 335 1166 374 eorum,
1201 319 1277 379 qui
1301 319 1369 363 vel
1400 319 1446 363 in
1469 319 1564 380 ipso

173 390 477 437 adolescentiae
509 390 685 449 limine,
717 391 787 437 vel
814 391 984 453 jamdiu
1006 389 1287 451 multumque
1309 391 1483 450 jactati,
1510 401 1571 436 ta-

174 478 275 507 men
297 461 501 524 quaedam
523 463 645 522 signa
662 463 920 523 respiciunt,
947 472 991 506 ct
1007 478 1094 506 suae
1112 460 1374 506 dulcissimae
1391 462 1570 521 patriae,

174 534 372 595 quamvis
384 534 431 578 in
451 534 553 595 ipsis
574 534 782 580 fluctibus
794 571 805 591 ‚
825 533 1115 579 recordantur
1128 569 1138 589 ,
1157 542 1201 577 et
1217 542 1293 578 aut
1309 543 1428 578 recto
1443 549 1574 578 cursu

173 605 219 649 in
238 604 363 650 nullo
380 604 477 650 falsi
492 641 503 662 ,
529 614 573 650 et
590 605 700 650 nihil
717 606 897 662 morati,
918 620 1015 650 eam
1032 612 1266 665 repetunt:
1288 613 1364 649 aut
1379 604 1576 665 plerum-

174 690 261 736 que
277 675 346 721 vel
373 675 487 721 inter
508 675 663 722 nubila
685 676 909 723 deviantes
923 712 934 733 ,
957 675 1029 721 vel
1051 675 1293 736 mergentia
1315 684 1575 721 contuentes

173 746 313 792 sidera
330 783 341 803 ‚
367 747 438 793 vel
459 748 684 794 nonnullis
706 749 919 794 illecebris
955 747 1095 809 capti,
1122 748 1252 793 bonae
1288 746 1577 808 navigationis

174 830 370 882 tempora
392 820 669 879 differentes,
700 831 848 869 errant
881 821 1076 879 diutius3
1099 837 1214 882 saepe
1236 820 1369 865 etiam
1401 819 1577 881 pericli-

172 901 338 937 tantur.
358 896 477 947 Quos
497 893 603 938 item
620 910 734 955 saepe
752 892 969 940 nonnulla
983 893 1029 937 in
1041 893 1170 938 fluxis
1186 892 1376 938 fortunis
1394 891 1575 937 calami-

172 972 237 1008 tas
249 999 261 1020 7
280 965 405 1026 quasi
426 964 655 1011 conatibus
674 982 826 1011 eorum
849 965 1027 1011 adversa
1043 974 1276 1026 tempestas
1293 965 1340 1009 in
1357 963 1576 1024 optatissi-

171 1051 290 1079 mam
312 1037 500 1096 patriam
521 1037 805 1098 quietamque
827 1035 1067 1097 compellit.

234 1110 317 1151 III.
353 1109 430 1152 His
464 1117 611 1153 autem
642 1108 846 1153 omnibus
860 1144 870 1164 ‚
910 1107 987 1169 qui
1020 1123 1304 1169 quocumque
1344 1106 1479 1151 modo
1522 1107 1579 1151 ad

172 1178 312 1224 heatae
333 1180 434 1225 vitae
457 1181 678 1239 regionem
703 1179 934 1236 seruntur,
954 1196 1070 1224 unus
1098 1179 1434 1224 immanissimus
1453 1195 1578 1224 mons

173 1259 274 1295 ante
295 1251 439 1311 ipsum
456 1261 636 1312 portum
658 1252 942 1307 constitutus,
978 1251 1054 1312 qui
1076 1251 1208 1296 etiam
1229 1265 1408 1310 magnas
1432 1251 1579 1310 ingre-

173 1322 397 1368 dientibus
423 1324 559 1382 gignit
582 1325 802 1384 angustias
815 1360 825 1380 7
846 1324 1225 1369 vehementissime
1243 1322 1549 1368 formidandus
1565 1359 1576 1379 ‚

173 1395 507 1457 cautissimeque
528 1396 734 1441 vitandus
757 1405 834 1441 est.
861 1399 972 1442 Nam
989 1396 1049 1440 ita
1067 1395 1208 1455 fulget
1224 1431 1235 1451 ,
1256 1395 1316 1440 ita
1337 1396 1580 1440 mentiente

171 1465 246 1511 illa
264 1467 363 1512 luce
383 1468 587 1525 vestitur,
613 1477 664 1513 ut
686 1485 776 1514 non
794 1467 936 1514 solum
956 1467 1337 1529 pervenientibus,
1355 1466 1581 1512 nondum-

172 1555 260 1601 que
281 1539 779 1600 ingressisincolendum
794 1556 837 1584 se
851 1541 1008 1585 offerat
1019 1576 1029 1596 7
1048 1548 1091 1584 et
1109 1554 1262 1584 eorum
1277 1539 1581 1584 voluntatibus

171 1625 254 1671 pro
270 1611 361 1671 ipsa
378 1611 506 1655 beata
519 1620 634 1655 terra
648 1611 971 1656 satisfacturum
984 1610 1246 1671 polliceatur
1262 1630 1273 1668 3
1295 1609 1370 1654 sed
1383 1609 1581 1671 plerum-

173 1697 261 1744 que
284 1681 338 1726 de
359 1681 454 1742 ipso
475 1691 609 1742 portu
643 1682 698 1727 ad
720 1698 811 1727 sese
833 1682 1033 1727 homines
1055 1681 1233 1737 invitat,
1261 1697 1423 1742 eosque
1465 1698 1579 1727 non-

173 1768 404 1814 nunquam
418 1753 585 1798 detinet
607 1754 698 1814 ipsa
721 1753 954 1798 altitudine
977 1752 1239 1808 delectatos7
1264 1752 1385 1797 unde
1398 1762 1579 1799 caeteros

174 1823 395 1885 despicere
428 1823 578 1869 libeat.
606 1825 662 1869 Hi
683 1834 831 1869 tamen
865 1823 1105 1868 admonent
1121 1838 1235 1884 saepe
1255 1823 1501 1880 venientes,
1522 1840 1578 1869 ne

176 1906 252 1941 aut
275 1896 455 1942 occultis
475 1897 625 1942 subter
639 1896 828 1957 scopulis
845 1896 1122 1956 decipiantur
1136 1932 1146 1952 ,
1175 1905 1252 1940 aut
1274 1895 1330 1940 ad
1353 1910 1398 1941 se
1428 1912 1578 1942 ascen-

176 1966 279 2012 dere
289 1967 415 2013 facile
425 1977 585 2028 putent
600 1985 610 2020 3
627 1977 670 2012 et
679 1984 766 2030 qua
778 1968 869 2012 sine
881 1967 1076 2028 periculo
1089 1966 1390 2026 ingrediantur
1400 1978 1578 2029 propter

173 2039 290 2084 illius
307 2049 433 2084 terrae
455 2039 728 2085 vicinitatem
747 2038 1158 2085 benevolentissime
1180 2039 1358 2084 docent.
1387 2042 1453 2085 Ita
1474 2055 1577 2085 cum

176 2112 235 2156 eis
254 2111 454 2157 invident
468 2111 744 2157 vanissimam
769 2110 950 2170 gloriam
968 2146 979 2167 ,
997 2110 1146 2155 locum
1169 2111 1410 2156 securitatis
1428 2121 1576 2157 osten-

176 2184 303 2229 dunt.
329 2186 441 2230 Nam
463 2199 597 2245 quem
619 2193 816 2228 montem
844 2182 979 2227 alium
995 2182 1092 2229 vult
1116 2183 1301 2242 intelligi
1340 2183 1448 2228 ratio
1471 2200 1576 2244 pro-

175 2255 490 2316 pinquantibus
528 2254 584 2299 ad
615 2253 940 2315 philosophiam
975 2254 1229 2313 ingressisve
1252 2254 1573 2312 metuendum,

177 2326 259 2370 nisi
281 2326 519 2387 superbum
541 2326 738 2371 studium
756 2325 1018 2371 inanissimae
1040 2325 1209 2384 gloriae:
1231 2326 1354 2386 quod
1384 2326 1444 2371 ita
1466 2325 1577 2371 nihil

176 2397 297 2442 intus
319 2396 502 2458 plenum
519 2406 652 2459 atque
674 2395 864 2442 solidum
880 2396 1014 2441 habet
1027 2431 1038 2450 ‚
1064 2405 1116 2441 ut
1132 2397 1305 2442 inflatos
1325 2395 1404 2443 sibi
1421 2412 1576 2458 supera

176 2469 454 2515 ambulantes
472 2478 755 2531 ‘succrepante
777 2467 919 2528 fragili
940 2467 1031 2514 solo
1045 2468 1271 2530 demergat
1297 2485 1348 2515 ac
1374 2469 1571 2526 sorbeat,
