1888 3168
287 219 370 256 516
710 227 743 254 3.
779 227 1011 255 ,1060311111
1044 229 1224 256 Eriscori

275 292 446 353 justitia
458 290 740 347 comitantur,
756 301 907 336 utrum
926 291 1158 347 existimes,
1176 306 1276 336 cum
1291 290 1347 336 ad
1368 307 1458 336 suae
1477 292 1677 337 dilectio-

284 363 350 407 nis
372 371 416 406 et
433 370 614 407 conatus
632 360 828 406 fructum
848 361 1041 422 perfecta
1054 361 1396 407 sanctificatione
1413 362 1674 423 pervenerit,

282 433 477 494 perfecta
499 433 632 477 ctiam
654 432 945 478 vivificatione
964 432 1039 477 illa
1058 433 1251 494 corporis
1273 434 1355 490 sui,
1381 443 1425 479 et
1446 433 1600 479 deletis
1623 432 1678 478 de

284 503 492 549 memoria
515 504 869 564 phantasmatum
900 504 1063 561 turbis,
1095 503 1214 565 apud
1242 508 1384 550 Deum
1409 505 1553 565 ipsum
1585 503 1679 549 solo

282 578 374 622 Deo
397 575 541 620 vivere
558 575 757 635 coeperit,
782 590 882 620 cum
906 575 1140 636 impletum
1157 574 1308 632 fuerit,
1328 576 1451 637 quod
1471 575 1679 622 divinitus

282 647 409 692 nobis
430 648 514 692 hoc
542 647 676 693 modo
698 647 984 708 promittitur.
1007 667 1028 690 «
1050 647 1342 705 Dilectissimi,
1363 665 1482 694 nunc
1499 647 1580 693 filii
1602 647 1679 692 Dei

286 738 306 760 »
341 734 509 776 sumus,
533 728 576 763 et
598 719 797 764 nondum
826 720 1030 779 apparuit
1052 718 1161 781 quid
1178 720 1354 765 erimus.
1385 720 1552 766 Scimus
1575 719 1680 781 quia

287 811 305 833 »
340 806 444 836 cum
465 790 731 852 apparuerit,
756 790 916 835 similes
928 791 992 835 illi
1005 791 1182 848 erimus,
1199 791 1415 852 quoniam
1431 791 1679 837 videbimus

285 882 305 905 »
342 879 444 907 eum
466 863 593 907 sicuti
616 864 714 907 est1.
735 881 755 904 »
781 865 942 916 Quaero
965 879 1085 923 ergo,
1107 872 1258 908 utrum
1280 864 1497 908 existimes
1519 864 1596 908 has
1618 862 1679 907 ibi

281 935 486 991 virtutes,
513 950 620 996 quas
644 936 1083 981 commemoravimus
1099 972 1110 993 ,
1151 936 1284 980 etiam
1324 945 1432 980 tunc
1473 934 1681 980 futuras?

281 1010 334 1052 D.
361 1010 460 1054 Non
483 1006 636 1063 video,
662 1022 765 1052 cum
791 1006 971 1053 adversa
992 1007 1304 1068 praetericrint,
1330 1008 1493 1069 quibus
1525 1007 1682 1052 obluc-

282 1089 414 1135 tatur,
455 1078 679 1141 quomodo
709 1089 785 1124 aut
807 1079 1043 1140 prudentia
1071 1081 1133 1125 ibi
1161 1096 1251 1126 6336
1282 1081 1441 1142 possit,
1467 1096 1568 1141 quae
1591 1095 1683 1125 non

282 1150 404 1211 eligit
431 1151 539 1212 quid
579 1161 788 1213 sequatur
820 1152 901 1196 11131
933 1152 978 1196 111
1013 1152 1228 1211 adversis,
1263 1162 1339 1197 aut
1364 1151 1678 1212 temperantia,

281 1240 382 1284 quae
404 1239 598 1269 amorem
618 1240 710 1269 non
734 1225 890 1270 avertit
913 1225 996 1269 11131
1019 1226 1074 1269 ab
1099 1225 1315 1284 adversis,
1347 1235 1423 1269 aut
1447 1223 1679 1281 fortitudo,

283 1312 383 1357 quae
404 1312 496 1341 non
513 1296 672 1342 tolerat
693 1296 774 1341 nisi
796 1296 999 1355 adversa,
1020 1307 1097 1342 aut
1112 1298 1296 1359 justitia,
1318 1313 1419 1358 quae
1433 1313 1523 1342 non
1543 1312 1680 1357 appe-

285 1367 337 1411 tit
358 1368 523 1428 aequari
545 1367 803 1412 beatissimis
828 1368 981 1412 animis
997 1403 1008 1425 ,
1034 1378 1077 1412 et
1106 1368 1302 1414 inferiori
1335 1379 1506 1414 naturae
1536 1367 1682 1413 domi-

285 1439 396 1496 nari,
424 1439 507 1484 nisi
535 1440 582 1484 in
605 1439 816 1496 adversiS,
850 1439 896 1484 id
924 1449 1012 1497 est,
1045 1439 1247 1487 nondum
1272 1451 1468 1486 assecuta
1491 1439 1684 1500 idipsum

284 1510 407 1572 quod
422 1512 604 1572 appetit.

345 1585 442 1627 LII.
478 1586 540 1628 M.
569 1585 669 1629 Non
690 1598 1011 1644 usquequaque
1039 1584 1231 1629 absurda
1253 1594 1316 1629 est
1346 1584 1570 1645 responsio
1587 1593 1681 1640 tua,

285 1665 330 1700 et
350 1654 617 1716 quibusdam
639 1654 777 1700 doctis
799 1655 941 1701 visum
963 1656 1047 1700 hoc
1074 1672 1164 1702 6336
1178 1693 1189 1713 ,
1220 1672 1312 1702 non
1334 1672 1463 1717 nego.
1498 1656 1584 1702 Sed
1605 1670 1685 1715 ego

285 1727 518 1773 consulens
540 1726 690 1792 libros,
716 1744 827 1789 quos
853 1727 976 1774 nulla
1000 1728 1223 1774 antecellit
1249 1730 1499 1785 auctoritas,
1533 1729 1593 1774 ita
1614 1729 1685 1774 in-

285 1800 415 1846 venio
439 1799 610 1845 dictum
629 1815 718 1844 esse
733 1821 744 1860 3
764 1820 784 1843 «
802 1801 984 1845 Gustate
1002 1809 1046 1845 et
1061 1800 1222 1857 videte,
1239 1801 1448 1862 quoniam
1465 1801 1607 1846 suavis
1622 1810 1687 1848 est

290 1893 310 1916 »
346 1873 598 1919 Dominus2.
629 1893 649 1915 ³>
672 1872 804 1927 Quod.
822 1872 1044 1934 apostolus
1068 1873 1199 1918 etiam
1222 1877 1376 1918 Petrus
1406 1874 1464 1918 sic
1486 1874 1684 1934 interpo-

287 1946 376 1991 suit
402 1966 410 1991 :
441 1966 461 1988 ‹<
490 1946 533 1992 Si
545 1955 689 1990 tamen
704 1944 902 2005 gustatis,
928 1945 1138 2006 quoniam
1162 1945 1306 1990 suavis
1325 1946 1682 1990 estD0111in11s‘³.»

290 2025 384 2068 Hoc
406 2035 495 2064 csse
518 2018 706 2063 arbitror
727 2017 848 2079 quod
871 2018 1015 2078 agitur
1036 2019 1082 2062 in
1104 2018 1171 2063 his
1191 2019 1447 2075 virtutibus,
1471 2035 1571 2080 quae
1594 2019 1687 2079 ipsa

289 2091 572 2138 conversione
608 2090 799 2134 animam
825 2098 1031 2150 purgant.
1060 2091 1158 2135 Non
1181 2090 1299 2133 enim
1322 2105 1444 2134 amor
1465 2098 1687 2149 tempora-

289 2164 399 2209 lium
414 2177 560 2207 rerum
574 2170 911 2221 expugnaretur,
926 2161 1008 2205 nisi
1019 2160 1164 2221 aliqua
1179 2160 1390 2205 suavitate
1402 2169 1682 2205 aeternarum.

292 2235 374 2282 Ubi
404 2244 550 2280 autem
570 2242 754 2278 ventum
776 2231 908 2277 fuerit
930 2231 986 2276 ad
1006 2231 1119 2276 illud
1146 2231 1267 2293 quod
1295 2231 1468 2276 canitur
1496 2251 1504 2277 ;
1535 2251 1552 2272 «
1586 2231 1685 2277 Filii

295 2330 313 2352 »
350 2316 497 2353 autem
524 2306 756 2352 hominum
784 2305 866 2350 sub
896 2303 1089 2364 tegmine
1128 2302 1296 2348 alarum
1325 2312 1502 2348 tuarum
1532 2318 1682 2364 spera-

293 2401 314 2424 »
348 2380 478 2425 bunt.
502 2379 844 2424 Inebriabuntur
856 2377 911 2422 ab
927 2377 1129 2421 ubertate
1144 2375 1301 2422 domus
1314 2385 1418 2433 tuae,
1434 2386 1478 2421 et
1490 2385 1684 2421 torrente

293 2473 313 2497 >›
347 2452 586 2514 voluptatis
608 2460 696 2496 tuae
718 2450 889 2511 potabis
916 2465 1003 2494 eos.
1034 2447 1254 2502 Quoniam
1276 2446 1394 2508 apud
1420 2457 1462 2493 te
1493 2456 1556 2492 est
1587 2445 1685 2493 fons

294 2545 314 2567 »
350 2526 471 2570 vitae⁴
498 2545 506 2570 ς
535 2544 555 2566 »
582 2539 672 2569 non
691 2524 780 2584 jam
806 2530 981 2582 gustatu
1009 2534 1186 2565 suavem
1221 2517 1314 2564 fore
1344 2519 1581 2564 Dominum
1613 2518 1682 2564 di·-

339 2620 347 2635 ¹
373 2624 383 2644 1
402 2615 492 2644 Joan.
512 2623 565 2653 111,
584 2609 781 2643 2.—-2Ps;al.
804 2606 1027 2651 xxx111,9.—3
1052 2620 1061 2638 1
1080 2609 1164 2639 Potin
1189 2619 1221 2648 11,
1236 2608 1264 2639 3.
1284 2606 1349 2635 -4
1367 2606 1446 2639 Psal.
1469 2617 1569 2647 xxxv,
1584 2606 1663 2638 8-10
