1888 3168
696 157 750 186 ΒΕ
782 156 938 187 ,unsrcA
971 158 1055 185 Lm.
1091 159 1122 184 1.
1518 143 1604 185 337

204 222 265 266 M.
292 222 609 284 Nunquam-nc
631 222 884 285 hujusmodi
904 223 1136 268 histriones
1160 221 1320 268 audisti
1344 222 1607 268 studiosius?

205 295 256 337 D.
290 293 393 339 Plus
414 294 597 341 fortasse
629 311 763 356 quam
785 294 976 340 vellem?
1003 297 1065 340 M.
1103 293 1230 339 Unde
1255 294 1349 338 fieri
1376 304 1503 355 putas
1520 330 1531 351 ‚
1556 304 1610 339 ut

204 363 406 426 imperita
439 366 680 412 multitudo
714 365 918 427 explodat
955 381 1070 427 saepe
1108 365 1334 410 tibicinem
1356 366 1610 426 nugatorios

204 451 333 482 sonos
369 438 653 494 efferentem,
688 453 954 500 rursumque
986 436 1171 498 plaudat
1191 437 1304 482 bene
1337 438 1538 493 canenti,
1567 446 1611 482 ct

205 523 381 568 prorsus
404 518 572 571 quanto
595 510 770 555 suavius
794 511 966 555 canitur
982 545 992 565 ‚
1020 518 1143 554 tanto
1165 508 1351 569 amplius
1374 518 1418 554 et
1440 508 1611 554 studio-

204 580 292 626 sius
313 583 567 626 moveatur?
588 581 922 643 Numquidnam
943 580 989 626 id
1012 598 1037 625 a
1057 580 1192 641 vulgo
1215 597 1293 642 per
1319 591 1457 626 artem
1473 581 1611 625 musi-

205 668 301 698 cam
318 653 412 697 fieri
429 652 704 698 credendum
722 656 816 699 est?
834 657 886 699 D.
907 656 1021 700 Non.
1040 656 1102 699 M.
1125 652 1242 707 Quid
1261 652 1427 712 igitur?
1449 657 1500 698 1).
1523 655 1613 699 Na-

205 735 303 770 tura
328 723 375 770 id
396 726 491 770 fieri
510 736 647 787 puto,
673 743 773 787 quae
797 727 1002 773 omnibus
1027 726 1150 771 dedit
1166 721 1344 772 sensum
1372 725 1610 781 audiendi,

204 814 294 859 quo
315 797 396 843 ista
410 797 684 858 judicantur.
700 802 772 859 ivl.
800 802 936 844 Recte
964 808 1107 860 putas.
1133 798 1219 844 Sed
1232 799 1325 859 jam
1344 798 1478 842 etiam
1500 797 1615 841 illud

203 870 305 915 vide
320 906 332 927 ‚
353 880 505 915 utrum
528 880 572 916 et
592 870 759 916 tibicen
782 871 872 932 ipse
894 872 980 917 hoc
998 887 1128 916 sensu
1151 871 1362 932 praeditus
1379 870 1450 915 sit.
1482 869 1615 923 Quod

204 943 238 988 si
270 942 330 987 ita
359 952 449 999 est,
490 951 636 1003 potest
660 945 752 1004 ejus
790 959 977 1005 sequens
1001 942 1224 1004 judicium
1256 957 1433 988 movere
1457 940 1617 1001 digitos

206 1032 308 1061 cum
321 1016 450 1061 tibias
470 1016 711 1072 inflaverit,
739 1025 782 1061 et
803 1017 927 1078 quod
949 1017 1048 1061 satis
1078 1015 1311 1061 commode
1332 1031 1413 1076 pro
1436 1015 1616 1060 arbitrio

204 1089 423 1145 sonuerit,
454 1088 499 1133 id
516 1098 670 1134 notare
692 1105 741 1134 ac
767 1089 978 1135 mandare
995 1090 1240 1145 memoriae,
1268 1098 1401 1150 atque
1423 1087 1470 1133 id
1481 1084 1615 1148 ‘repc-

205 1159 341 1205 tendo
364 1160 674 1206 consuefacere
708 1161 866 1220 digitos
889 1177 941 1206 co
964 1161 1067 1206 ferri
1092 1161 1182 1206 sine
1207 1160 1298 1206 ulla
1323 1159 1617 1220 trepidatione

205 1240 250 1276 ct
271 1247 417 1277 errore
433 1268 444 1288 ‚
478 1232 567 1277 sive
591 1232 647 1277 ab
670 1231 756 1278 alio
791 1233 974 1293 accipiat
996 1232 1042 1277 id
1072 1232 1194 1294 quod
1216 1241 1391 1287 cantet,
1414 1231 1503 1276 sive
1525 1230 1619 1291 ipse

206 1304 416 1360 inveniat,
433 1303 509 1348 illa
528 1303 582 1349 de
598 1321 686 1366 qua
699 1303 869 1350 dictum
892 1314 957 1349 est
977 1305 1169 1349 ducente
1187 1313 1320 1366 atque
1344 1303 1619 1364 approbante

204 1386 376 1422 natura.
406 1380 561 1437 Itaque
588 1393 692 1421 cum
714 1392 893 1421 sensum
915 1377 1127 1422 memoria
1143 1412 1154 1432 ,
1180 1386 1224 1421 et
1247 1374 1420 1421 articuli
1444 1390 1616 1420 memo-

204 1448 313 1493 riam
339 1458 614 1510 sequuntur‚
640 1465 724 1494 usu
741 1450 835 1509 jam
863 1447 1044 1494 edomiti
1066 1458 1199 1510 atque
1221 1448 1480 1510 praeparati,
1500 1448 1619 1493 canit

204 1536 308 1566 cum
345 1519 442 1565 vult
488 1529 612 1565 tanto
647 1518 805 1564 melius
853 1529 986 1581 atque
1020 1520 1260 1581 jocundius
1275 1557 1286 1577 ‚
1322 1529 1491 1582 quanto
1535 1518 1620 1564 illis

205 1592 412 1640 omnibus
439 1602 621 1654 praestat
648 1608 750 1653 quae
778 1592 978 1653 superins
1008 1594 1119 1639 ratio
1156 1593 1309 1639 docuit
1342 1608 1444 1638 cum
1468 1592 1620 1637 bestiis

205 1679 297 1709 non
313 1663 479 1708 habere
502 1664 755 1709 communia
770 1699 780 1719 ‚
807 1663 1053 1725 appetitum
1078 1663 1243 1709 scilicet
1265 1663 1490 1719 imitandi,
1517 1680 1619 1709 sen-

206 1750 304 1782 511111
338 1745 472 1796 atque
509 1735 795 1780 memoriam:
835 1734 1056 1796 numquid
1097 1736 1234 1781 habes
1269 1735 1504 1781 adversum
1539 1735 1642 1781 ista‘

206 1807 330 1870 quod
352 1807 495 1853 dicas?
519 1811 570 1852 D.
598 1811 692 1866 Ego
715 1823 820 1852 vero
847 1806 960 1852 nihil
986 1807 1147 1852 habeo.
1175 1811 1275 1852 Jam
1308 1807 1460 1853 audire
1488 1809 1620 1869 cupio

207 1879 457 1941 cujusmodi
478 1879 533 1924 sit
554 1878 628 1924 illa
651 1878 882 1939 disciplina
901 1914 912 1934 ,
939 1894 1074 1939 quam
1096 1879 1298 1939 profecto
1315 1895 1339 1924 a
1366 1880 1620 1940 cognitione
1686 1932 1694 1938 ,

207 1950 517 1998 vilissimorum
540 1951 791 1996 animorum
807 1949 939 1996 video
955 1950 1235 1996 subtilissime
1253 1951 1539 1997 vindicatam.

1405 2599 1430 2637 Ν)

1435 2599 1457 2637 [0

408 2610 532 2641 CVIII.
