1888 3168
281 242 363 282 442
727 253 761 282 s.
798 253 1027 285 Aussvsrmt
1060 256 1240 285 EPISCOPt

277 433 557 451 mwlstmlml
563 434 628 450 m}
632 434 1054 454 WQWWUWUMWUMM
1058 434 1408 452 wmmmmmmmwm
1414 436 1661 455 mmmm

796 572 1016 630 LIBER
1057 556 1146 632 v(

697 750 729 785 [π
761 761 821 790 oro
851 761 889 785 m:
923 762 1020 786 vtnsu
1050 763 1239 787 mssnmrun.

821 892 1038 942 CAPUT
1073 894 1112 941 Ι.

280 1036 534 1099 Quomodo
572 1036 808 1102 dfferant
839 1037 1090 1102 rhythmus
1107 1075 1122 1098 ,
1156 1048 1359 1087 metrum
1400 1048 1447 1087 et
1481 1055 1660 1089 versus.

316 1178 352 1221 Ι.
365 1179 482 1231 Qum
492 1177 544 1222 sit
557 1193 719 1235 versus,
731 1178 845 1223 inter
857 1177 1008 1224 doctos
1018 1187 1182 1224 veteres
1190 1176 1668 1240 nonparvaluctatione

270 1250 505 1310 quaesitum
527 1260 590 1296 est
607 1287 617 1307 ‚
639 1267 719 1296 nec
741 1250 910 1297 fructus
927 1250 1083 1297 defuit.
1102 1254 1212 1298 Nam
1231 1252 1408 1297 inventa
1429 1267 1495 1296 res
1518 1260 1604 1308 est,
1625 1260 1669 1299 et

270 1321 325 1367 ad
342 1322 543 1368 notitiam
556 1333 831 1384 posterorum
846 1323 1050 1369 mandata
1067 1324 1217 1370 litteris
1229 1361 1239 1381 ‚
1257 1325 1377 1384 gravi
1399 1334 1532 1386 atque
1549 1333 1669 1370 certa

269 1409 360 1438 non
395 1402 569 1439 tantum
591 1395 850 1440 auctoritate
863 1431 874 1450 ‚
898 1395 1188 1441 verumetiam
1209 1396 1376 1441 ratione
1397 1396 1567 1440 firmata
1585 1403 1665 1440 est.

270 1466 482 1509 Interesse
503 1465 637 1525 igitur
659 1466 1063 1511 animadverterunt
1081 1466 1195 1511 inter
1225 1467 1486 1525 rhythmum
1508 1475 1553 1510 et
1572 1481 1667 1510 me-

268 1544 387 1579 trum
401 1535 567 1597 aliquid
577 1572 587 1592 ‚
604 1545 655 1581 ut
666 1552 795 1582 omne
806 1545 995 1582 metrum
1010 1538 1259 1595 rhytthS‚
1276 1553 1366 1582 non
1379 1537 1510 1582 etiam
1525 1537 1667 1582 omnis

270 1608 502 1666 rhythmus
524 1617 714 1652 metrum
736 1608 805 1653 sit.
832 1609 984 1653 Omnis
1006 1609 1123 1653 enim
1149 1609 1342 1669 legitima
1369 1609 1536 1670 pedum
1559 1625 1668 1655 con-

270 1678 397 1724 nexio
415 1694 646 1725 numerosa
668 1689 759 1738 est3
793 1694 927 1740 quam
949 1680 1158 1739 quoniam
1182 1689 1371 1725 metrum
1392 1680 1549 1737 habet,
1576 1695 1668 1725 non

270 1765 360 1795 esse
374 1767 583 1796 numerus
598 1750 722 1797 nullo
736 1751 869 1796 modo
881 1760 1041 1812 potest,
1052 1751 1098 1796 id
1114 1762 1193 1808 est,
1210 1768 1300 1797 non
1314 1768 1402 1798 esse
1416 1753 1664 1811 rhythmus.

273 1821 357 1867 Sed
381 1823 588 1883 quoniam
616 1839 706 1867 non
728 1832 791 1868 est
825 1822 964 1878 idem,
991 1824 1188 1883 quamvis
1211 1823 1413 1883 legitimis
1447 1823 1635 1883 pedibus
1652 1858 1662 1878 ‚

270 1892 393 1937 nullo
412 1902 558 1937 tamen
573 1903 690 1938 certo
707 1894 793 1938 fine
814 1892 1042 1953 provolvi,
1064 1902 1107 1937 et
1129 1894 1233 1937 item
1247 1893 1450 1953 legitimis
1464 1893 1667 1954 progredi

268 1963 477 2024 pedibus⁷
503 1964 581 2009 sed
612 1974 730 2009 certo
764 1966 850 2009 fine
882 1965 1097 2020 coercerig
1117 1965 1211 2009 haec
1233 1963 1322 2009 duo
1354 1981 1514 2024 genera
1537 1966 1666 2009 etiam

270 2034 490 2080 vocabulis
520 2034 804 2080 discernenda
823 2045 968 2090 erant,
989 2044 1040 2084 ut
1068 2034 1179 2079 illud
1200 2035 1398 2094 superius
1432 2036 1666 2094 rhythmus

271 2116 443 2151 tantum
457 2106 634 2166 proprio
648 2107 739 2167 jam
756 2106 933 2151 nomine
945 2107 1045 2161 ‚hoe
1059 2115 1206 2150 autem
1221 2106 1408 2150 alterum
1420 2107 1478 2151 ita
1500 2107 1661 2165 rhyth-

270 2193 367 2222 mus
401 2187 450 2222 ut
471 2187 660 2222 metrum
703 2177 833 2221 etiam
865 2186 1112 2222 vocaretur.
1144 2180 1309 2221 Rursus
1331 2177 1540 2237 quoniam
1577 2192 1655 2222 eo-

269 2264 367 2293 rum
384 2264 684 2303 numerorum,
696 2248 773 2309 qui
790 2257 909 2293 certo
927 2249 1013 2292 fine
1030 2247 1313 2303 clauduntur,
1325 2247 1371 2292 id
1387 2258 1466 2304 est,
1491 2258 1656 2294 metro-

269 2335 367 2364 rum
384 2355 394 2375 ,
420 2319 501 2364 alia
539 2328 642 2364 sunt
675 2319 720 2363 in
752 2319 910 2376 quibus
947 2335 1037 2363 non
1074 2319 1262 2363 habetur
1288 2319 1396 2363 ratio
1434 2318 1662 2379 cujusdam

268 2389 489 2435 divisionis
513 2390 626 2434 circa
648 2389 841 2434 medium
854 2425 864 2444 ‚
882 2388 963 2433 alia
981 2388 1141 2450 quibus
1159 2388 1311 2434 sedulo
1329 2389 1515 2434 habetur
1533 2411 1545 2447 3
1565 2400 1663 2434 erat

269 2462 401 2506 etiam
414 2463 508 2506 haec
530 2461 775 2506 differentia
793 2460 985 2506 notanda
1004 2460 1239 2506 vocabulis.
1262 2463 1538 2521 Quapropter
1551 2461 1663 2505 illud

269 2532 345 2576 ubi
362 2548 451 2576 non
468 2532 656 2576 habetur
669 2533 761 2576 haec
780 2532 889 2576 ratio
905 2531 1099 2590 rhythmi
1112 2547 1248 2590 genus
1260 2567 1270 2587 ‚
1286 2532 1459 2592 proprie
1471 2541 1662 2576 metrum

270 2613 473 2650 vocatum
496 2614 580 2649 est:
602 2604 685 2649 hoc
707 2613 852 2651 autem
871 2603 949 2649 ubi
972 2603 1182 2655 babetur,
1208 2619 1382 2649 versum
1403 2603 1661 2650 nominave-
