1852 3163
265 157 345 198 124
695 172 728 197 s.
765 168 994 199 Accus'nm
1028 171 1211 199 prscom

254 234 343 279 vcri
365 234 552 277 hominis
574 234 703 279 etiam
741 235 782 279 111
820 234 901 280 11115
924 235 1061 295 epulis
1099 236 1376 282 invitatorem
1415 239 1641 297 gerebam,

254 305 465 349 sustinere
499 321 588 350 11011
616 306 762 366 potui,
807 308 1128 368 commovitque
1158 323 1227 352 1116
1258 308 1333 353 illa
1372 309 1642 370 inaequalitas

254 392 414 421 mensae
452 387 610 422 nosti-m
633 387 674 422 ct
712 378 1013 437 discrepantia.
1051 379 1185 424 Arrisi
1208 380 1350 424 matri.
1391 382 1537 441 Atque
1569 380 1643 426 illa

251 447 472 494 liberrime
494 450 612 510 quod
646 451 787 495 minus
826 450 1070 506 habebant,
1115 452 1238 510 quasi
1275 451 1329 495 de
1367 467 1444 496 suo
1467 451 1642 497 cellario

251 519 542 579 promendum
558 521 794 580 imperans:
815 523 836 564 J
842 537 915 567 am
926 521 1001 569 dic
1016 521 1158 577 nobis,
1183 523 1340 583 inquit,
1357 532 1402 567 et
1413 522 1549 567 redde
1566 524 1643 583 qui

250 593 336 637 siut
353 593 420 636 isti
444 592 714 646 Academici,
741 602 784 636 et
806 592 914 653 quid
931 593 1013 637 sibi
1034 592 1197 638 velint?
1225 594 1307 638 Cui
1330 594 1525 639 breviter
1541 610 1643 638 cum

251 663 539 722 exposuissem
564 673 799 723 aperteque
816 663 906 718 ,ita
925 673 975 708 ut
996 679 1125 709 nemo
1143 663 1317 709 illorum
1337 665 1517 724 ignarus
1541 665 1642 709 abs-

250 733 446 778 cederet:
492 735 565 779 Isti
586 735 781 779 homines
797 770 807 789 ,
833 735 1000 795 iuquit,
1023 734 1242 780 caducarii
1270 745 1394 792 sunt,
1420 741 1536 796 (quo
1558 734 1642 781 no'-

249 808 366 850 mine
385 806 518 865 vulgo
548 805 663 867 apud
694 822 771 851 nos
796 816 1032 863 vocantur,
1059 823 1168 868 quos
1201 806 1428 852 comitialis
1460 808 1641 852 morbus

248 877 495 936 subvertit)
527 886 571 922 ct
600 877 728 922 simul
759 879 943 922 surrexit
964 887 1014 922 ut
1035 879 1197 937 abiret,
1223 888 1354 939 atque
1383 879 1455 924 hic
1493 893 1642 924 omnes

247 946 336 992 laeti
357 963 406 993 ac
429 948 619 993 ridentes
638 948 892 1009 interposito
911 949 997 995 fine
1023 948 1311 996 discessimus.

297 1141 447 1158 wuvuaevt
453 1142 514 1158 mv}
521 1142 586 1160 NVK!
596 1143 665 1160 AE'QVB
672 1143 1006 1161 ἱωὶὶῒνῑὶὶὶννῑδνννὶ
1013 1143 1080 1160 m
1085 1143 1487 1161 mtmoexmwiustwwiss
1491 1143 1624 1161 QVVUQWQ

478 1300 883 1355 DISPUTATIO
915 1302 1073 1352 SECU
1084 1302 1232 1352 NDAE
1262 1303 1417 1351 DIEI.

389 1450 511 1512 Quis
532 1449 691 1496 Deum
714 1447 896 1494 habeat
920 1463 976 1494 eo
998 1445 1141 1493 modo
1164 1455 1214 1493 ut
1238 1445 1405 1493 beatus
1427 1448 1503 1492 sit.

300 1588 445 1630 XVII.
472 1589 702 1631 Posrnmm
725 1595 871 1630 autem
900 1599 1002 1629 cum
1030 1585 1137 1629 item
1160 1593 1260 1644 post
1281 1582 1542 1644 prandium,
1562 1583 1638 1629 sed

243 1657 466 1718 aliquanto
501 1672 633 1717 quam
656 1655 795 1716 pridie
825 1654 958 1700 scrius
991 1654 1107 1699 idem
1134 1655 1388 1716 ibidemque
1416 1655 1637 1700 consedis-

243 1745 386 1773 semus
406 1748 414 1774 :
458 1729 617 1783 Tarde,
659 1728 838 1790 inquam
852 1763 862 1783 ,
898 1727 1075 1772 venistis
1103 1726 1157 1771 ad
1202 1727 1479 1772 convivium:
1516 1727 1637 1788 quod

242 1800 366 1844 vobis
387 1815 477 1843 11011
499 1797 714 1842 cruditate
732 1797 936 1842 accidisse
959 1797 1169 1852 arbitror,
1194 1797 1270 1841 sed
1291 1797 1522 1857 paucitatis
1546 1795 1635 1841 fer-

243 1869 444 1914 culorum
463 1869 714 1923 securitate,
740 1866 861 1928 quod
881 1882 972 1911 non
994 1875 1081 1910 tam
1099 1875 1269 1910 mature
1291 1866 1635 1925 aggrediendum

242 1941 385 1985 visum
403 1948 481 1995 est,
507 1938 628 2000 quod
649 1938 735 1983 cito
757 1954 832 1982 vos
855 1952 1080 1998 peresuros
1104 1936 1302 1997 putastis.
1323 1939 1421 1983 Non
1442 1936 1635 1982 multum

243 2012 358 2056 enim
395 2010 680 2071 reliquiarum
710 2007 981 2054 credendum
1025 2017 1118 2053 erat
1147 2007 1425 2064 remansisse,
1450 2008 1529 2053 ubi
1563 2007 1634 2053 die

243 2084 335 2143 ipso
362 2092 493 2144 atque
521 2081 794 2127 solemnitate
818 2090 907 2125 tam
930 2080 1132 2139 exiguum
1153 2089 1375 2139 repertum
1397 2088 1503 2123 erat.
1524 2081 1557 2123 F
1563 2095 1634 2124 or-

242 2164 351 2200 tasse
375 2165 504 2199 recte.
538 2153 623 2200 Sed
645 2152 753 2214 quid
783 2152 907 2198 vobis
928 2161 1224 2213 praeparatum
1246 2150 1323 2206 sit,
1348 2166 1431 2210 ego
1453 2166 1632 2212 quoque

241 2227 467 2272 vobiscum
485 2226 645 2271 nescio.
669 2224 790 2270 Alius
814 2234 878 2268 est
899 2224 1016 2268 enim
1034 2224 1110 2285 qui
1132 2222 1334 2268 omnibus
1358 2238 1459 2267 cum
1481 2238 1631 2268 omnes

245 2308 337 2343 tum
360 2298 545 2342 maxime
567 2296 673 2341 tales
691 2296 838 2355 epulas
859 2296 1056 2355 praebere
1078 2311 1168 2340 non
1190 2303 1353 2352 cessat,
1379 2293 1454 2338 sed
1475 2309 1553 2338 nos
1575 2295 1630 2338 ab

241 2369 427 2425 edendo,
454 2369 522 2413 vcl
545 2367 839 2412 imbecillitate
857 2404 867 2423 ,
892 2367 962 2412 vel
983 2367 1223 2421 saturitate,
1244 2364 1314 2410 vel
1338 2366 1520 2425 negotio
1532 2364 1628 2425 ple-

241 2455 427 2501 rumque
457 2455 685 2493 cessamus,
709 2454 841 2499 quem
863 2447 1115 2483 manentem
1136 2437 1183 2480 111
1204 2436 1454 2480 hominibus
1477 2436 1626 2480 beatos

239 2528 310 2559 cos
323 2511 481 2566 facere,
500 2512 613 2557 inter
626 2527 703 2557 nos
723 2511 833 2568 heri,
851 2511 897 2556 111
918 2509 1061 2566 fallor,
1085 2509 1156 2570 pie
1170 2518 1506 2568 constanterque
1518 2523 1624 2554 con-
