1888 3168
233 181 315 219 392
671 190 703 217 3.
744 168 974 220 Arctsruvr
1005 193 1186 220 Ertscort

232 275 333 301 voro
363 258 460 301 bina
496 268 688 317 tempora
718 266 910 302 teneant.
938 262 997 302 M.
1028 261 1173 302 Potest
1195 273 1296 317 ergo
1318 260 1615 318 proceleuma-

235 330 315 373 lico
339 327 532 389 adjungi.
555 331 607 372 D.
636 332 796 373 Potest.
820 332 881 373 M.
908 328 1026 383 Quid
1047 345 1148 373 cum
1179 330 1217 373 ei
1251 329 1525 394 adjungitur,
1550 331 1620 375 in-

231 400 436 459 terrogati
458 408 607 443 utrum
627 400 860 458 rhythmus
873 399 1266 460 proceleumaticus
1288 417 1343 446 an
1361 401 1622 462 spondiacus

228 472 300 525 sit,
337 470 445 531 quid
479 469 868 530 respondebimus?
891 473 943 515 D.
970 470 1086 524 Quid
1116 486 1284 528 censes,
1317 471 1399 516 nisi
1427 470 1622 532 spondeo

227 540 423 585 dandum
446 556 536 585 csse
557 541 882 601 principatum?
903 543 1016 585 Cum
1039 541 1155 585 enim
1172 541 1329 602 plausu
1342 543 1422 588 ista
1444 551 1622 588 contro-

227 614 364 657 versia
384 628 474 658 non
500 612 786 673 dijudicetur,
812 627 914 656 nam
936 612 982 655 in
1011 621 1199 673 utroque
1232 613 1334 658 bina
1358 614 1550 659 levamus
1573 630 1622 658 ae

227 684 430 744 ponimus
464 692 682 743 tempora,
708 681 817 744 quid
847 681 966 727 aliud
1000 692 1132 728 restat
1153 683 1236 728 nisi
1268 694 1318 729 ut
1348 684 1420 729 ille
1443 694 1619 744 regnet,

227 755 303 815 qui
330 755 375 798 in
397 755 490 815 ipso
507 753 671 814 pedum
690 753 843 798 ordine
865 754 984 815 prior
1006 757 1167 800 estPM.
1187 755 1416 800 Rationem
1438 765 1480 800 te
1503 771 1623 802 secu-

227 836 322 871 tum
341 841 430 870 csse
445 827 544 870 satis
568 825 788 885 approho3
806 835 849 870 et
870 825 1014 882 vides,
1040 835 1090 871 ut
1103 826 1311 883 arbitror,
1337 827 1446 888 quid
1466 843 1622 889 sequa-

226 908 313 943 tur.
336 901 388 943 D.
415 897 529 951 Quid
557 896 763 942 tandem?
783 900 845 942 M.
872 897 989 951 Quid
1010 907 1159 959 putas,
1181 899 1262 943 nisi
1284 908 1372 944 tam
1394 899 1623 960 proceleu-

224 969 384 1014 matico
416 984 549 1029 quam
571 968 824 1028 pyrrhichio
847 969 1057 1027 rhythmo
1090 969 1264 1015 nullum
1287 969 1432 1030 'alium
1464 970 1624 1031 pedem

225 1057 349 1102 posse
374 1040 570 1086 misceri?
592 1041 800 1101 quoniam
823 1041 1019 1101 quisquis
1037 1041 1292 1087 miscebitur
1309 1042 1495 1087 totidem
1517 1052 1624 1087 tem-

225 1128 405 1173 porum,
433 1128 523 1157 non
557 1113 673 1156 enim
696 1112 819 1156 aliter
840 1121 983 1172 potest
1014 1113 1207 1169 misceri,
1234 1113 1280 1157 in
1303 1129 1404 1158 eum
1426 1114 1624 1173 rhythmi

226 1202 387 1231 nomen
413 1185 699 1230 transferatur
721 1200 895 1229 necesse
917 1194 996 1229 est.
1022 1187 1184 1230 Omnes
1213 1186 1330 1230 enirn
1358 1187 1521 1246 priores
1548 1186 1624 1231 illo

227 1267 330 1301 sunt
342 1292 352 1312 ,
369 1256 445 1318 qui
463 1254 647 1300 totidem
670 1254 941 1315 temporibus
954 1265 1170 1302 constant.
1184 1259 1241 1301 Et
1255 1258 1462 1318 quoniam
1475 1257 1528 1301 iis
1547 1257 1624 1318 qui

226 1329 391 1388 priores
433 1328 599 1371 inventi
629 1325 819 1381 fuerint,
854 1326 971 1385 cogit
1004 1342 1083 1371 nos
1120 1329 1255 1383 ratio,
1281 1344 1416 1390 quam
1452 1327 1621 1384 vidisti,

225 1399 522 1460 principatum
552 1398 678 1453 dare,
707 1396 753 1441 id
770 1407 854 1453 est,
881 1413 931 1440 ex
953 1412 1004 1441 eo
1038 1397 1301 1455 rhythmum
1339 1413 1620 1457 nuncupare,

224 1488 315 1516 11011
336 1471 417 1515 erit
433 1472 524 1531 jam
542 1470 933 1530 proceleumaticus
956 1470 1211 1528 rhythmus,
1239 1469 1387 1531 aliquo
1411 1468 1496 1515 alio
1517 1486 1625 1531 qua-

225 1554 327 1588 tuor
344 1554 595 1603 temporum
605 1543 756 1597 mixto,
774 1542 850 1586 sed
867 1541 1144 1602 spondiacus,
1171 1551 1247 1586 aut
1270 1541 1529 1600 dactylicus,
1547 1551 1624 1587 aut

227 1615 528 1676 anapaesticus.
570 1613 950 1674 Amphibrachum
983 1613 1099 1657 enim
1129 1613 1184 1657 ab
1220 1613 1404 1658 istorum
1440 1613 1623 1674 copula-

226 1689 346 1732 tione
363 1701 648 1731 numerorum
672 1695 787 1730 recte
810 1694 1028 1730 remotum
1048 1700 1138 1729 esse
1156 1685 1376 1730 convenit.
1394 1687 1447 1730 D.
1466 1687 1625 1731 Fateor

227 1758 284 1802 ita
308 1772 412 1802 esse.

288 1831 365 1872 IX.
387 1830 448 1872 M.
469 1829 596 1871 Nunc
619 1842 670 1870 ex
689 1841 792 1885 ergo
811 1825 964 1870 ordine
978 1824 1202 1870 considera
1212 1825 1451 1870 iambicum
1466 1827 1624 1885 rhyth-

224 1915 349 1945 mum
368 1935 378 1955 ‚
410 1899 619 1960 quoniam
657 1897 961 1957 pyrrhichium
996 1907 1039 1941 ct
1068 1895 1486 1957 proceleumaticum
1504 1933 1514 1953 ,
1548 1899 1625 1958 qui

225 1970 450 2030 duplicato
479 1968 732 2029 pyrrhichio
773 1968 985 2027 gignitur,
1007 1968 1107 2012 satis
1145 1967 1438 2012 discussimus.
1479 1971 1624 2022 Quare

225 2042 343 2086 dicas
373 2040 503 2085 velim
538 2040 641 2084 huic
665 2055 796 2100 quem
835 2054 981 2082 censes
1018 2038 1348 2083 admiscendum
1371 2037 1549 2098 pedem,
1575 2048 1625 2084 ut

226 2114 438 2158 iambicus
461 2113 695 2170 rhythmus
729 2126 856 2154 suum
880 2125 1042 2155 nomen
1060 2110 1271 2154 obtineat.
1298 2113 1349 2154 D.
1377 2112 1519 2163 Quem
1541 2111 1623 2155 nisi

227 2186 520 2239 tribrachum,
548 2183 625 2244 qui
664 2193 706 2227 et
739 2182 1036 2242 temporibus,
1064 2191 1106 2225 et
1137 2182 1293 2242 plausu
1326 2183 1552 2241 congruit:
1580 2192 1624 2226 et

225 2258 327 2319 quia
350 2256 558 2316 posterior
572 2264 657 2309 est,
679 2270 811 2312 regno
830 2253 994 2314 pollere
1015 2269 1105 2297 11011
1123 2255 1291 2313 potest?
1313 2256 1423 2297 Nam
1447 2253 1622 2297 chorius

226 2339 289 2374 est
307 2327 486 2388 quidem
510 2326 723 2386 posterior
739 2361 748 2379 ,
770 2335 813 2369 ct
834 2324 1018 2369 totidem
1039 2334 1309 2384 temporum,
1337 2323 1413 2368 sed
1435 2340 1525 2368 11011
1548 2339 1623 2368 eo-

226 2401 325 2445 dem
362 2399 491 2443 modo
514 2397 751 2458 plauditur.
777 2400 838 2441 M.
862 2401 952 2455 Age
970 2432 980 2452 ,
1000 2398 1091 2457 jam
1107 2394 1207 2439 vide
1231 2396 1490 2454 rhythmum
1528 2405 1621 2439 tro-

224 2474 450 2525 chaicum,
476 2469 589 2515 etad
613 2469 764 2514 eadem
788 2470 942 2513 dehoc
965 2483 1142 2529 quoque
1161 2467 1388 2528 responde.
1416 2470 1468 2512 D.
1497 2467 1621 2511 Idem

226 2543 488 2602 resporulez‘i:
507 2558 604 2587 nam
629 2551 768 2601 potest
784 2551 820 2585 el
847 2541 949 2585 111110
973 2556 1058 2584 11011
1078 2538 1217 2583 30111111
1241 2539 1615 2599 spatiotemporis,
