1888 3168
280 187 363 226 344
730 198 762 224 s.
800 197 1029 224 AUGUSTINI
1062 196 1243 223 muscom

279 264 351 308 scd
390 262 521 307 etiam
547 276 595 306 ea
630 271 750 321 parte
781 278 868 322 qua
890 262 1028 321 major
1058 260 1215 304 minori
1249 262 1545 320 aequaturvel
1571 278 1672 307 eum

279 336 472 391 excedit,
497 349 541 378 se
563 335 806 379 metiuntur
825 343 868 378 et
885 339 1120 377 numerant
1145 353 1152 378 :
1174 333 1237 377 1111
1255 342 1399 376 autem
1415 335 1675 393 posteriores

280 408 533 467 singillatim
556 406 862 452 tantummodo
881 405 937 450 ad
953 421 997 450 sc
1007 415 1311 461 numerantur,
1330 421 1379 449 ea
1398 421 1501 450 vero
1523 415 1671 465 parte,

279 496 367 541 qua
389 479 458 524 vel
472 488 673 539 :equatur
689 478 999 537 minorimajor
1012 476 1081 521 vel
1105 476 1288 532 excedit,
1314 492 1404 521 11011
1417 492 1461 520 56
1484 476 1677 520 metiun-

280 561 352 596 tur
380 561 423 596 et
451 559 700 595 numerant.
730 552 829 595 Non
857 549 974 593 enim
999 558 1142 609 potest
1168 548 1214 592 in
1238 548 1297 593 eis
1329 547 1436 604 dici,
1464 558 1540 593 aut
1562 564 1677 610 quo-

279 624 358 668 ties
391 622 553 667 habeat
575 622 789 666 minorem
811 621 965 681 major,
988 629 1065 664 aut
1086 619 1195 664 illud
1220 635 1309 681 quo
1332 620 1501 665 excedit
1537 621 1678 681 major

281 694 519 749 minorem,
554 693 723 754 quoties
757 692 918 736 habeat
947 700 991 736 et
1012 692 1151 752 major
1168 699 1211 735 et
1233 690 1390 735 minor.
1419 694 1470 735 D.
1498 690 1678 750 Accipio

282 774 327 809 ct
359 765 441 810 ista
470 762 712 819 vocabula,
747 772 791 808 et
823 760 1041 823 quantum
1074 762 1226 818 valeo,
1259 761 1415 807 faciam
1443 771 1494 808 ut
1520 761 1677 806 memi-

284 852 439 881 nerim.

286 995 1181 1017 mmmm'umwwumumwurwwwuwuaemmmx
1185 995 1251 1013 tm
1256 994 1394 1013 twwmoe
1399 993 1683 1012 WB'K'WVWWWWVV

825 1120 1045 1172 CAPUT
1103 1123 1167 1170 X.

584 1269 750 1316 Motus
780 1268 1063 1332 complicati
1091 1278 1136 1315 et
1166 1268 1396 1329 sesquati.

348 1411 493 1454 xvll.
529 1410 591 1454 M.
615 1410 710 1453 AGE
745 1424 863 1453 nunc
895 1407 1120 1454 videamus
1149 1416 1569 1452 connumeratorum
1591 1421 1691 1467 quae

288 1482 422 1541 possit
437 1496 526 1525 esse
540 1480 718 1541 partitio
736 1499 744 1526 :
766 1495 957 1541 namque
972 1480 1159 1525 arbitror
1176 1495 1272 1524 eam
1290 1495 1380 1524 esse
1398 1479 1688 1540 perspicuam.

292 1555 437 1598 Unum
461 1552 577 1596 enim
600 1567 736 1611 genus
769 1561 832 1596 est
865 1560 1307 1605 connumeratorum,
1333 1551 1380 1594 in
1419 1565 1509 1610 quo
1548 1550 1694 1594 minor

290 1639 499 1669 numerus
522 1623 702 1667 metitur
724 1623 955 1682 majorem,
981 1621 1028 1666 id
1059 1631 1147 1678 est,
1174 1622 1403 1683 aliquoties
1434 1636 1537 1666 eum
1558 1622 1695 1666 habet

289 1697 452 1757 major,
473 1696 585 1742 516111
606 1710 811 1740 numeros
826 1694 917 1740 duo
940 1703 984 1739 et
1002 1704 1194 1756 quatuor
1227 1709 1317 1739 esse
1333 1694 1519 1740 diximus
1537 1714 1546 1739 :
1567 1695 1694 1740 vide-

291 1783 388 1812 mus
411 1767 528 1811 enim
546 1766 635 1811 duo
658 1781 682 1811 a
704 1776 895 1827 quatuor
916 1766 981 1811 bis
998 1766 1172 1822 haberi,
1191 1782 1290 1827 quae
1308 1775 1374 1811 ter
1395 1766 1692 1822 haberentur,

291 1841 327 1884 si
342 1855 433 1884 non
455 1848 667 1900 quatuor,
693 1838 770 1883 sed
791 1854 863 1884 sex
879 1836 935 1882 ad
958 1837 1047 1884 duo
1070 1853 1353 1898 poneremus,
1373 1847 1529 1899 quater
1548 1847 1695 1883 autem

294 1912 329 1956 si
353 1920 476 1966 octo,
501 1909 734 1971 quinquies
757 1909 789 1954 si
814 1908 982 1953 decem.
1011 1908 1145 1954 Aliud
1185 1924 1320 1968 genus
1344 1918 1407 1953 est
1423 1945 1433 1965 ,
1466 1910 1513 1953 in
1535 1926 1624 1971 quo
1647 1925 1696 1954 ea

296 1999 396 2043 pars
418 1997 504 2043 qua
527 1981 696 2026 excedit
717 1982 855 2041 major
877 1981 1115 2037 minorem,
1137 1980 1289 2025 ambos
1315 1980 1517 2036 metitur,
1541 1981 1586 2025 id
1609 1991 1695 2037 est,

298 2054 530 2115 aliquoties
557 2053 722 2098 liabent
760 2067 854 2097 eam
890 2061 934 2097 et
954 2053 1094 2113 major
1122 2061 1164 2096 61
1187 2052 1356 2107 minor,
1383 2051 1504 2112 quod
1536 2052 1582 2096 in
1615 2051 1698 2097 illis

297 2127 490 2171 numeris
502 2127 593 2187 jam
616 2126 935 2186 perspeximus,
961 2140 1034 2170 sex
1055 2134 1099 2169 et
1124 2133 1238 2169 octo.
1263 2126 1374 2169 Nam
1397 2139 1496 2184 pars
1514 2123 1587 2168 illa
1611 2140 1697 2186 qua

297 2197 529 2243 exceditur
546 2198 710 2252 minor,
738 2196 826 2241 duo
844 2205 967 2251 sunt,
996 2211 1105 2256 quos
1126 2194 1249 2240 vides
1272 2210 1361 2239 essc
1393 2195 1439 2239 in
1472 2198 1698 2240 octonario

301 2285 486 2314 numero
510 2277 687 2330 quater,
704 2268 749 2311 in
772 2267 940 2312 senario
958 2276 1049 2312 ter:
1071 2282 1205 2328 quare
1237 2267 1317 2311 hos
1352 2282 1531 2327 quoque
1554 2276 1698 2312 motus

301 2341 356 2384 de
374 2340 534 2401 quibus
557 2339 719 2398 agitur,
736 2348 779 2383 et
800 2354 1006 2383 numeros
1023 2353 1101 2398 per
1121 2353 1229 2398 quos
1246 2337 1488 2382 illustratur
1509 2337 1629 2398 quod
1652 2339 1698 2382 in

303 2413 494 2457 motibus
512 2411 676 2456 discere
702 2411 906 2456 volumus
919 2447 929 2466 ,
950 2420 1152 2455 notemus
1175 2419 1308 2470 atque
1326 2410 1546 2469 signemus
1567 2426 1699 2455 voca-

308 2483 434 2528 bulis.
462 2487 572 2529 Nam
614 2499 764 2528 corum
786 2483 1007 2528 distinctio
1023 2482 1310 2543 jamdudum,
1336 2482 1418 2527 nisi
1447 2481 1600 2538 fallor,
1622 2498 1698 2542 ap-

305 2566 442 2615 paret.
470 2556 681 2609 Quocirca
706 2557 737 2600 si
764 2557 842 2601 tibi
876 2556 963 2615 jam
993 2554 1191 2609 videtur,
1212 2554 1273 2599 illi
1308 2555 1382 2599 ubi
1407 2553 1698 2613 multiplicato
