1888 3168
686 221 741 247 m:
775 216 929 248 MtsmA
963 218 1045 244 Lm.
1083 218 1131 242 11.
1524 203 1607 241 357

207 287 426 348 posueris,
460 287 519 331 ita
540 295 591 330 ut
611 284 683 331 vel
706 296 755 330 tu
784 283 1074 345 pronuntians
1097 280 1313 342 producas
1336 281 1467 341 hujus
1494 279 1619 326 verbi

207 359 421 418 syllabam
433 359 635 420 primam,
652 357 722 403 vel
740 354 930 403 in'versu
947 371 1001 399 co
1017 354 1116 399 1000
1133 369 1272 414 ponas
1288 388 1298 407 ,
1318 353 1395 396 ubi
1412 368 1501 398 esse
1517 369 1622 413 pro·-

206 431 386 475 ductam
416 431 647 491 oportebat
663 465 673 485 ,
699 427 989 490 reprehendet
1012 425 1347 485 grammatic-tw,
1384 434 1528 469 custos
1545 425 1621 470 ille

205 502 410 546 videlicet
434 501 624 545 historiae
641 537 651 556 ,
684 500 793 544 nihil
816 499 937 544 aliud
959 513 1150 544 asserens
1168 532 1178 552 ,
1215 511 1294 540 cur
1318 495 1433 540 hanc
1451 497 1615 556 corripi

207 582 428 633 oporteat,
453 572 535 616 nisi
567 571 689 633 quod
709 572 756 616 hi
778 571 854 632 qui
883 579 982 615 ante
1010 585 1088 614 nos
1112 567 1321 624 fuerunt,
1350 577 1394 612 et
1421 583 1613 629 quorum

204 643 307 688 libri
336 652 485 688 extant
515 652 847 704 tractanturque
887 658 910 686 a
934 640 1224 701 grammaticis
1241 675 1252 696 ,
1294 655 1345 684 ea
1381 649 1609 700 correpta,

204 731 295 760 non
316 715 531 776 producta
552 716 617 760 usi
637 714 816 759 suerint.
834 717 978 768 Quare
999 713 1072 758 hic
1093 711 1314 774 quidquid
1336 710 1479 768 valet,
1505 728 1612 757 auc-

206 787 353 832 toritas
373 786 504 832 valet.
523 791 582 832 At
602 802 705 832 vero
721 786 899 831 musieae
917 786 1050 842 ratio,
1068 784 1269 846 adquam
1289 782 1505 829 dimensio
1521 784 1615 845 ipsa

203 875 362 905 vocum
384 859 656 904 rationabilis
677 868 721 904 et
739 858 1028 903 numerositas
1042 856 1256 918 pertinet,
1276 871 1368 900 non
1382 865 1509 900 curat
1530 855 1613 900 nisi

201 940 254 976 ut
275 931 534 992 corripiatur
563 931 634 977 vel
661 923 933 991 producatur
965 928 1158 988 syllaba,
1197 942 1298 988 quae
1328 925 1406 971 illo
1435 925 1506 972 vel
1536 925 1614 971 illo

201 1002 300 1049 loco
321 1013 386 1049 est
407 1003 652 1048 secundum
669 1002 884 1047 rationem
906 1015 1215 1045 mensurarum
1237 1013 1431 1044 suarum.
1448 1000 1557 1044 Nam
1578 998 1613 1043 si

202 1090 254 1120 eo
271 1075 370 1120 loco
390 1073 597 1121 ubi‘duas
617 1074 770 1134 longas
793 1072 982 1132 syllabas
1004 1072 1110 1133 poni
1141 1070 1268 1116 decet
1284 1107 1295 1127 ,
1316 1071 1402 1115 hoc
1424 1070 1614 1115 verbum

200 1146 395 1207 posueris
412 1181 423 1202 ,
449 1155 493 1191 et
519 1147 708 1207 primam
727 1161 827 1206 quae
842 1144 987 1190 brevis
1011 1153 1098 1199 est,
1123 1142 1489 1203 pronuntiatione
1510 1141 1613 1186 lon-

202 1233 301 1278 gam
334 1217 515 1274 feceris,
551 1217 663 1262 nihil
700 1217 866 1262 musica
901 1216 1082 1260 omnino
1113 1223 1376 1260 succenset:
1415 1223 1615 1274 tempora

200 1289 318 1333 enim
338 1305 500 1334 vocum
522 1304 572 1333 ea
594 1303 832 1350 pervenere
856 1287 912 1332 ad
930 1302 1054 1331 aures
1068 1322 1079 1342 ,
1107 1302 1209 1346 quae
1231 1284 1295 1329 illi
1318 1300 1507 1330 numero
1530 1284 1612 1329 tle-

199 1359 293 1404 bita
325 1358 522 1404 fuerunt.
571 1358 893 1404 Grammaticus
930 1366 1079 1401 autem
1116 1356 1247 1417 jubet
1282 1354 1534 1411 emendari,
1571 1365 1616 1400 ct

198 1430 312 1475 illud
333 1440 376 1475 te
396 1431 585 1475 verbum
609 1445 796 1490 ponere,
822 1430 946 1489 cujus
968 1428 1110 1488 prima
1135 1426 1306 1486 syllaba
1322 1426 1613 1487 producenda

199 1502 254 1546 sit
290 1501 536 1546 secundum
573 1501 817 1561 majorum,
859 1509 911 1544 ut
943 1499 1114 1545 dictum
1153 1508 1239 1554 est,
1281 1499 1612 1556 auctoritatem,

199 1588 392 1633 quorum
414 1573 574 1633 scripta
593 1571 920 1617 custodiuntur.

201 1739 1606 1761 ΜΜΜΜἊΜΜΜΜΜΜΜΜΜΜΝΜΜΜΝΙΜΜΜΜΜΜΜ

730 1848 947 1899 CAPUT
989 1851 1057 1898 Il.

198 2000 278 2046 De
297 2015 438 2045 versu
449 1997 647 2061 judicat
677 1999 1031 2061 grammaticus
1063 2014 1127 2043 ex·
1158 2000 1480 2056 auctoritate,
1505 2016 1609 2045 mte-

566 2070 691 2114 sz'cus
711 2086 775 2115 ece
797 2070 987 2115 ratione
1013 2079 1059 2115 et
1079 2086 1236 2116 sensu.

261 2213 320 2255 II.
348 2212 632 2264 QUAMOBREM
667 2223 762 2263 nos,
789 2224 892 2253 cum
914 2208 1105 2253 rationes
1136 2209 1313 2254 musicae
1337 2224 1607 2272 persequen-

201 2283 277 2329 das
300 2281 633 2342 susceperimus,
654 2279 822 2325 etiamsi
838 2280 976 2325 nescis
992 2297 1092 2342 quae
1120 2280 1291 2340 syllaba
1310 2283 1601 2343 corripienda,

200 2370 300 2416 quae
335 2350 619 2413 producenda
641 2352 716 2407 sit,
747 2367 978 2412 possumus
1011 2361 1161 2397 tamen
1183 2368 1274 2398 non
1297 2353 1501 2414 impediri
1522 2355 1605 2400 hac

201 2425 448 2486 ignorantia
478 2434 570 2480 tua,
595 2424 783 2486 satisque
817 2424 996 2481 habere,
1023 2424 1144 2485 quod
1177 2434 1222 2470 te
1247 2426 1604 2472 animadvertisse

202 2497 348 2543 dixisti
362 2496 466 2541 alias
482 2495 670 2555 syllabas
687 2496 990 2557 correptiores,
1008 2495 1110 2540 alias
1122 2496 1440 2557 productiores.
1459 2501 1604 2552 Quare

201 2568 315 2614 illud
336 2584 456 2613 nunc
472 2584 622 2629 quaero
645 2577 796 2614 utrum
819 2584 950 2614 sonus
970 2583 1178 2614 versuum
1201 2569 1440 2630 aliquando
1462 2579 1504 2616 te
1527 2570 1605 2614 ali-
