1888 3168
504 213 630 241 mmm
660 212 715 240 DE
747 207 1021 250 QUANTITATE
1057 207 1217 238 ANmAE.
1471 197 1559 239 249

170 280 278 326 mihi
299 278 489 336 videtur,
514 288 557 324 et
586 278 641 323 de
669 276 986 323 consuetudine
1019 291 1254 337 corporum
1281 277 1340 322 sic
1369 277 1560 322 animam

165 352 421 414 quaerimus.
454 351 649 412 Ideoque
670 350 783 395 hene
806 348 1060 410 praecipitur
1090 348 1222 392 etiam
1249 348 1296 392 in
1316 350 1555 407 mysteriis,

163 433 214 469 ut
231 423 377 468 omnia
401 437 608 483 corporea
639 430 915 477 contemnat,
943 420 1237 481 universoque
1257 420 1362 465 huic
1390 419 1560 465 mundo

162 495 407 549 renuntiet,
432 494 510 555 qui
539 502 591 538 ut
616 492 814 539 videmus
836 507 1071 553 corporeus
1094 501 1179 548 est,
1205 491 1402 553 quisquis
1424 507 1469 537 se
1490 501 1559 537 ta-

161 565 250 610 lem
279 563 404 609 reddi
431 563 671 620 desiderat,
698 565 838 626 qualis
861 580 885 608 a
906 567 997 609 Deo
1018 561 1160 608 factus
1183 571 1262 618 est,
1282 562 1329 607 id
1350 571 1416 607 est
1438 563 1560 607 simi-

160 636 248 681 lem
280 639 386 692 Deo,
411 652 504 680 non
525 635 643 680 enim
667 635 749 680 alia
771 637 885 682 salus
905 635 1062 681 animae
1095 644 1180 691 est,
1205 644 1282 679 aut
1303 635 1530 680 renovatio
1545 671 1557 690 ,

163 717 238 753 aut
249 707 546 752 reconciliatio
557 708 725 753 auctori
738 723 832 753 suo.
853 707 1150 762 Quamobrem
1169 715 1335 767 quanta
1350 706 1404 751 sit
1417 707 1561 751 anima

162 778 401 824 secundum
418 778 746 840 inquisitionem
757 780 870 824 hanc
884 779 965 823 tibi
977 778 1240 838 respondere
1256 793 1347 822 non
1357 793 1533 838 possum
1548 799 1559 835 3

165 850 240 896 sed
261 866 439 912 possum
462 852 702 908 affirmare,
727 867 873 912 neque
894 850 1017 895 illam
1046 849 1225 909 longam
1253 865 1365 904 esse,
1392 865 1472 893 nec
1496 848 1562 894 la-

165 933 271 979 tam,
288 938 370 968 nec
392 922 638 979 robustam,
652 939 798 984 neque
816 922 985 984 aliquid
999 923 1274 983 horumquae
1290 922 1337 966 in
1349 922 1563 966 mensuris

162 1009 398 1055 corporum
424 993 564 1055 quaeri
591 993 743 1039 solent.
776 997 833 1039 Et
854 995 940 1039 hoc
962 1009 1040 1038 cur
1063 993 1321 1048 existimem,
1345 992 1561 1037 rationem

162 1065 243 1110 tibi
270 1064 475 1121 reddam,
513 1065 548 1109 si
575 1065 734 1125 placet.
767 1068 819 1110 E.
859 1065 1009 1110 Placet
1037 1080 1163 1120 vero,
1202 1080 1251 1109 ac
1280 1064 1564 1109 vehementer

161 1146 365 1197 expecto:
391 1135 566 1182 videtur
587 1136 705 1181 enim
724 1136 833 1181 mihi
847 1137 971 1197 quasi
988 1135 1098 1180 nihil
1115 1151 1204 1181 esse
1219 1135 1381 1190 anima,
1398 1135 1433 1179 si
1454 1133 1564 1178 nihil

161 1218 226 1253 est
241 1209 417 1254 horum.
434 1212 487 1254 A.
515 1209 640 1254 Prius
663 1224 767 1268 ergo
790 1209 825 1254 si
845 1208 1038 1263 videtur,
1058 1208 1287 1253 ostendam
1304 1207 1385 1252 tibi
1401 1205 1564 1251 multas

161 1295 252 1325 esse
274 1296 341 1325 res
359 1296 467 1341 quas
489 1296 580 1325 non
597 1280 733 1340 possis
756 1279 901 1325 dicere
924 1278 1034 1324 nihil
1052 1294 1158 1334 esse,
1175 1294 1256 1323 nec
1271 1287 1419 1323 tamen
1437 1277 1483 1321 in
1506 1277 1564 1321 eis

160 1351 357 1397 invenire
377 1351 523 1412 aliqua
544 1350 801 1411 hujusmodi
823 1351 962 1411 spatia
990 1349 1136 1411 qualia
1158 1350 1205 1393 in
1236 1350 1381 1394 anima
1413 1349 1565 1407 requi-

160 1422 239 1478 ris,
263 1431 315 1466 ut
336 1437 427 1466 non
458 1420 602 1466 solum
622 1436 714 1466 non
736 1420 818 1465 tibi
841 1436 892 1464 ex
915 1435 968 1465 eo
990 1421 1134 1464 anima
1166 1419 1280 1464 nihil
1302 1435 1393 1464 esse
1413 1418 1566 1465 videa-

160 1502 253 1549 tur,
276 1491 400 1554 quod
425 1493 471 1536 in
499 1507 549 1537 ea
577 1508 668 1538 non
699 1491 868 1537 invenis
899 1490 1247 1550 longitudinem,
1272 1491 1363 1536 sive
1396 1491 1565 1551 aliquid

160 1563 274 1622 tale3
298 1562 375 1608 sed
402 1578 453 1608 eo
480 1563 711 1623 pretiosior
732 1572 776 1608 et
797 1562 934 1623 pluris
956 1561 1215 1608 aestimanda
1237 1562 1313 1618 sit,
1334 1579 1424 1624 quo
1448 1561 1563 1607 nihil

160 1635 322 1679 horum
353 1633 504 1678 habet.
542 1633 711 1678 Deinde
745 1643 899 1678 utrum
931 1648 1032 1679 vere
1066 1633 1178 1677 nihil
1209 1634 1371 1678 horum
1401 1633 1564 1677 habeat

161 1704 425 1749 videbimus.
450 1706 504 1748 E.
530 1705 662 1748 Utere
693 1704 850 1765 quovis
881 1703 1034 1749 ordine
1055 1718 1107 1748 ac
1124 1701 1280 1760 modo,
1306 1719 1388 1764 ego
1410 1702 1565 1749 audire

163 1785 206 1820 ct
228 1774 393 1821 discere
414 1783 590 1835 paratus
608 1790 720 1819 sum.

164 1932 1310 1953 mzxmwmmmmmmmmmmwumm
1314 1934 1526 1951 &Mamm
1531 1935 1565 1951 Ἃ

685 2068 904 2118 CAPUT
944 2071 1030 2118 IV.

166 2217 400 2262 Animam
428 2214 650 2261 nonnihil
670 2231 795 2271 esse,
822 2216 1018 2261 tametsi
1042 2231 1130 2261 nec·
1160 2214 1309 2278 longa
1339 2230 1427 2260 nec
1456 2213 1562 2260 lata

284 2289 359 2332 sit.
385 2315 441 2322 ——
463 2285 688 2333 Altitudo
707 2284 826 2346 quid
837 2287 912 2332 sit.
932 2316 987 2321 —
1015 2286 1205 2334 Ventus
1227 2285 1347 2347 quid
1364 2288 1439 2331 sit.

226 2427 281 2469 V.
303 2428 355 2469 A.
381 2427 526 2469 RECTE
549 2424 677 2470 facis:
702 2423 777 2469 sed
799 2424 900 2469 volo
928 2424 1216 2484 interroganti
1244 2424 1354 2468 mihi
1377 2439 1562 2484 respon-

166 2497 294 2541 deas:
329 2494 508 2541 sortasse
535 2497 654 2540 enim
682 2512 732 2540 ea
767 2512 866 2557 quac
898 2505 941 2540 te
975 2495 1132 2540 docerc
1164 2511 1322 2551 conor,
1359 2495 1450 2555 ipse
1472 2497 1562 2555 jam

167 2569 305 2613 nosti:
343 2567 473 2612 credo
504 2567 621 2612 enim
658 2584 749 2614 non
777 2577 821 2612 te
850 2567 1053 2612 dubitare
1089 2568 1204 2613 hanc
1239 2567 1441 2612 arborem
1470 2582 1561 2611 non
