1883 3194
242 199 297 237 *70
679 214 711 238 s.
750 212 770 238 A
781 214 979 243 rous'rrm
1014 216 1195 244 EPISCOPI

237 291 422 337 rumque
461 292 606 321 rernm
643 294 733 323 esse
766 281 809 324 in
852 282 1047 341 sapiente
1089 298 1170 327 0011
1179 281 1337 327 sessum
1372 299 1441 327 mo
1476 300 1635 345 negare

233 348 429 393 voluero.
453 349 538 394 Sed
561 351 638 411 qui
672 351 752 396 tibi
784 351 986 398 videatur
1015 355 1299 400 inventorum
1334 355 1635 416 probabilium

232 420 407 464 habitus
429 437 519 466 non
533 438 639 478 esse,
657 439 747 468 non
768 424 911 469 video.
931 425 1146 471 Concedis
1162 426 1287 482 mihi,
1308 426 1507 489 inquam,
1526 428 1634 474 falsa

233 492 456 537 neminem
469 494 608 538 scire?
625 494 770 540 Facile
785 495 832 542 id
847 496 1048 558 quidem,
1068 497 1228 559 inquit.
1245 498 1323 544 Dic
1332 500 1425 561 jam
1442 500 1477 545 si
1490 510 1631 561 potes,

232 562 440 624 inquam,
463 564 704 625 sapientem
725 567 891 612 nescire
913 568 1186 629 sapientiam.
1222 570 1341 624 Quid
1371 571 1488 616 enim
1503 607 1515 628 ,
1540 572 1601 618 ait
1621 608 1632 629 ‚

231 635 317 680 hoc
338 634 477 681 limite
498 637 700 684 universa
722 637 970 696 concludis,
995 648 1046 687 ut
1077 640 1219 688 videri
1244 641 1328 689 sibi
1353 657 1444 688 non
1467 644 1603 703 possit
1622 679 1635 701 ‚

232 705 616 767 comprehendisse
653 724 712 775 se..
730 710 1019 770 sapientiam?
1055 715 1120 757 Da
1152 712 1358 775 inquam,
1394 713 1633 760 dexteram.

231 781 343 825 Nam
366 778 401 823 si
417 778 682 836 meministi,
709 781 793 826 hoc
816 791 882 827 est
902 782 1025 844 quod
1044 783 1139 828 heri
1155 799 1226 829 me
1244 784 1332 830 dixi
1355 785 1635 843 effecturum,

230 848 354 911 quod
370 865 490 895 nunc
507 866 599 895 non
616 867 640 895 a
658 867 729 898 me
741 853 1001 900 conclusum
1018 858 1032 911 ,’
1050 853 1127 900 sed
1149 871 1173 900 a
1191 864 1236 900 te
1256 855 1375 901 ultro
1393 856 1501 901 mihi
1517 857 1640 902 obla-

229 930 327 967 tum
354 923 653 985 essegaudeo.
679 927 791 971 Nam
811 941 915 972 cum
937 926 1053 971 inter
1081 942 1152 972 me
1177 936 1222 972 et
1242 927 1530 974 Academicos
1551 929 1638 974 hoo

227 994 434 1041 interesse
445 995 646 1041 dixissem
657 1033 668 1053 ‚
686 997 809 1059 quod
820 997 905 1043 illis
922 998 1155 1059 probabile
1167 999 1312 1045 visum
1333 1009 1399 1045 est
1409 1001 1641 1046 veritatem

224 1082 317 1112 11011
344 1082 470 1127 posse
493 1069 811 1130 comprehendi
823 1091 838 1128 ‚3
858 1070 968 1115 mihi
1003 1079 1152 1116 autem
1184 1070 1385 1116 nondum
1408 1071 1592 1133 quidem
1614 1089 1639 1119 a

228 1155 300 1185 me
320 1141 567 1197 inventam,
591 1141 780 1186 inveniri
816 1151 966 1187 tamen
996 1158 1123 1203 posse
1146 1159 1170 1188 a
1191 1143 1386 1203 sapiente
1407 1144 1612 1189 videatur
1626 1181 1638 1202 ,

230 1226 352 1259 nunc
368 1222 419 1258 tu
436 1228 540 1259 cum
557 1229 655 1260 mea
675 1214 1019 1273 interrogatione
1040 1216 1271 1274 urgereris⁷
1294 1225 1447 1260 utrum
1470 1217 1642 1278 sapiens

232 1284 397 1335 nesciat
413 1285 699 1346 sapientiam:
724 1284 913 1331 Videtur
935 1285 1019 1331 sibi
1051 1286 1184 1342 scire,
1210 1285 1373 1332 dixisti.
1403 1287 1523 1341 Quid
1543 1297 1644 1334 tum

230 1364 381 1420 postea
392 1392 403 1414 ‚
428 1357 601 1419 inquit?
618 1357 732 1412 Quia
752 1357 789 1403 si
808 1357 985 1404 videtur
1001 1357 1083 1403 sibi
1095 1393 1106 1414 ,
1123 1357 1306 1420 inquam
1317 1394 1330 1414 ,
1344 1358 1454 1404 scire
1466 1360 1645 1421 sapien-

230 1429 339 1476 tiam·
353 1464 365 1486 ‚
385 1445 479 1476 non
510 1430 549 1476 ei
580 1429 756 1476 videtur
777 1428 890 1475 nihil
911 1429 1022 1476 scire
1041 1445 1169 1492 posse
1194 1430 1457 1492 sapientem.
1491 1434 1584 1479 Aut
1607 1433 1644 1479 si

233 1502 448 1564 sapientia
470 1502 584 1548 nihil
600 1511 687 1560 est,
711 1502 815 1550 volo
832 1503 1040 1549 affirmes.

292 1578 372 1622 VI.
407 1576 646 1623 Crederem
679 1591 783 1623 vere
798 1611 810 1634 ,
828 1576 1001 1639 inquit,
1026 1574 1084 1621 ad
1114 1574 1283 1622 calcem
1307 1590 1389 1622 nos
1418 1576 1645 1639 finemque

235 1647 431 1706 venisse,
453 1649 532 1695 sed
554 1658 736 1711 repente
753 1665 856 1695 cum
886 1649 1085 1694 dexteras
1106 1649 1429 1711 interposuisti,
1449 1649 1647 1712 disjunc-

234 1720 423 1766 tissimos
444 1736 524 1766 nos
541 1736 633 1766 esse
655 1730 700 1766 et
715 1720 764 1766 in
784 1720 971 1781 longum
988 1735 1239 1782 progressos
1255 1719 1413 1767 video:
1439 1720 1646 1768 videlicet

233 1791 358 1855 quod
373 1793 579 1838 hesterno
596 1792 668 1837 die
685 1809 711 1838 a
733 1792 861 1838 nobis
879 1792 1003 1838 nulla
1020 1793 1104 1838 alia
1119 1792 1305 1854 quaestio
1321 1792 1562 1838 constituta
1577 1793 1647 1839 vi-

234 1863 425 1910 debatur
441 1899 452 1921 ,
479 1864 564 1909 nisi
584 1863 707 1926 quod
737 1864 979 1924 sapientem
1002 1863 1059 1909 ad
1081 1864 1520 1924 comprehensionem
1552 1865 1646 1910 veri

234 1936 465 1998 pervenire
478 1951 627 1997 posse,
648 1936 896 1980 affirmante
912 1943 973 1990 te,
994 1950 1077 1994 ego
1093 1950 1382 1994 negaveram:
1408 1950 1530 1980 nunc
1541 1950 1645 1981 vero

233 2007 348 2054 nihil
360 2022 431 2053 me
449 2008 607 2069 opinor
619 2007 880 2053 concessisse
891 2007 973 2051 tibi
984 2042 995 2063 ‚
1011 2022 1146 2068 quam
1157 2005 1299 2051 videri
1319 2021 1447 2067 posse
1459 2007 1646 2068 sapienti

234 2079 534 2142 probabilium
555 2095 704 2124 rerum
725 2095 770 2124 se
791 2089 1078 2124 consecutum
1093 2094 1184 2124 esse
1207 2079 1488 2139 sapientiam:
1509 2095 1645 2140 quam

234 2162 384 2197 tamen
421 2152 681 2213 sapientiam
713 2151 760 2195 in
796 2150 1132 2209 investigatione
1156 2148 1404 2194 divinarum
1426 2150 1646 2194 humana-

237 2240 425 2285 rumque
449 2239 595 2268 rerum
619 2238 689 2268 me
707 2222 982 2267 constituisse
1000 2221 1111 2266 nulli
1134 2231 1334 2266 nostrum
1352 2221 1540 2266 arbitror
1557 2220 1644 2266 du-

237 2296 374 2340 bium.
394 2298 516 2351 Non,
537 2295 719 2356 inquam
738 2331 748 2350 ‚
771 2293 871 2338 ideo
895 2294 995 2355 quia
1019 2292 1205 2338 involvis
1224 2291 1435 2338 evolveris
1454 2312 1462 2338 :
1485 2292 1645 2338 videris

238 2367 355 2411 enim
367 2369 458 2428 jam
480 2367 589 2411 mihi
613 2365 840 2411 exercendi
862 2366 926 2409 tui
943 2381 1072 2410 causa
1090 2365 1329 2425 disputare.
1346 2366 1404 2409 Et
1417 2364 1519 2425 quia
1532 2363 1646 2409 bene

235 2440 349 2483 nosti
376 2439 477 2483 istos
499 2436 852 2483 adolescentulos
869 2437 942 2481 vix
965 2437 1109 2481 adbuc
1127 2452 1250 2496 posse
1270 2436 1519 2480 discernere
1541 2451 1643 2496 quae

235 2521 362 2557 acute
376 2527 425 2556 ac
445 2510 663 2555 subtiliter
681 2509 978 2564 disseruntur,
996 2518 1209 2569 tanquam
1230 2506 1434 2569 judicum
1451 2506 1644 2551 abuteris

232 2582 502 2641 ignorantia.
529 2591 579 2627 ut
600 2581 678 2626 tibi
702 2579 1033 2641 quantumlibet
1056 2579 1179 2639 loqui
1208 2578 1332 2625 nullo
1354 2578 1484 2624 liceat
1504 2577 1644 2622 recla-
