1888 3168
288 162 374 201 362
732 172 766 198 s.
802 169 1035 200 ,mensum
1065 171 1249 200 Emscom

283 236 555 297 temporibus
573 237 591 280 Ρ
612 238 665 280 D.
691 235 831 281 Video
852 236 999 297 plane,
1037 245 1082 281 et
1103 236 1309 282 recordor
1341 237 1557 285 rationem
1576 254 1681 301 pro-

281 308 510 368 gressionis
546 307 594 352 in
625 307 819 352 numeris
852 317 985 369 atque
1007 306 1129 354 illam
1163 309 1256 354 vim
1288 308 1361 353 hic
1383 308 1520 354 etiam
1541 310 1681 356 inesse

281 379 422 424 sentio
443 394 546 424 cum
576 394 735 438 magna
756 378 891 423 animi
916 378 1156 439 voluptate.
1179 382 1242 425 M.
1267 382 1428 426 Nonne
1449 395 1553 440 ergo
1575 396 1681 426 cen-

281 466 363 507 ses,
389 466 491 495 cum
508 450 640 511 pedes
657 449 836 509 syllabis
855 459 1074 506 constent,
1096 451 1143 495 id
1167 460 1245 508 est,
1268 450 1481 497 distinctis
1499 461 1542 497 et
1559 454 1682 514 quasi

282 522 520 568 articulatis
542 523 736 568 motibus
765 522 842 583 qui
865 532 968 568 sunt
990 523 1037 567 in
1058 523 1189 579 sonis,
1215 523 1397 582 syllabae
1419 533 1566 569 autem
1589 534 1684 570 ten-

283 595 446 641 dantur
462 595 751 656 temporibUS,
773 603 975 654 oportere
994 595 1089 640 fieri
1108 595 1241 640 etiam
1256 612 1398 658 usque
1418 597 1475 642 ad
1491 606 1682 658 quatuor

281 665 470 723 syllabas
500 666 848 727 progressionem
870 665 1011 727 pedis,
1038 667 1151 712 sicut
1167 669 1258 728 jam
1280 667 1443 714 factam
1464 684 1606 730 usque
1626 667 1682 714 ad

241 788 252 792 ,
281 740 612 800 quaternarium
654 753 906 795 numerum,
931 749 975 784 et
1009 739 1206 800 ipsorum
1244 739 1411 800 pedum
1443 750 1487 786 et
1505 751 1681 801 tempo-

280 826 380 855 rum
413 810 581 855 cernis?
604 812 656 854 D.
684 811 750 854 Ita
783 809 914 870 plane
940 819 993 855 ut
1019 810 1125 855 dicis
1162 811 1320 868 sentio,
1352 822 1397 858 et
1427 812 1513 859 hoe
1542 811 1681 859 videri

280 881 488 942 perfectae
509 881 668 927 rationi
687 896 920 940 cognosco,
939 890 983 927 et
1001 880 1204 928 debitum
1223 882 1392 944 flagito.

280 1051 781 1069 mmmmm
1073 1050 1681 1072 wvwnmtvmumwvumvwvwwmm

824 1179 1044 1231 CAPUT
1079 1183 1142 1232 V.

755 1312 918 1362 Pedes
940 1312 1199 1377 triffllabz‘.

338 1455 417 1498 VI.
448 1455 510 1513 M.
545 1455 642 1499 AGE
671 1468 791 1499 nunc
819 1468 924 1512 ergo
946 1452 1090 1513 prius,
1115 1461 1167 1497 ut
1196 1450 1306 1498 ordo
1338 1453 1433 1513 ipse
1458 1454 1680 1514 postulat,

278 1536 505 1572 ternarum
525 1524 797 1585 syllabarum
817 1525 951 1585 pedes
965 1533 1076 1585 quot
1098 1538 1191 1569 esse
1217 1524 1408 1585 possint,
1428 1525 1680 1584 videamus,

277 1599 391 1644 sicut
431 1597 639 1643 binarum
684 1606 875 1658 quatuor
913 1612 1004 1641 esse
1039 1596 1350 1657 comperimus.
1389 1599 1444 1642 D.
1490 1600 1558 1643 Ita
1586 1599 1680 1645 fiat.

278 1673 340 1716 M.
357 1670 597 1716 Meministi
619 1669 676 1714 ab
688 1684 778 1713 una
799 1668 924 1714 brevi
946 1667 1135 1727 syllaba,
1149 1667 1196 1713 id
1216 1678 1296 1724 est,
1322 1668 1453 1714 unius
1474 1671 1682 1731 temporis

277 1742 406 1787 istam
428 1755 507 1785 nos
530 1740 757 1785 inchoasse
777 1739 1007 1795 rationem,
1036 1748 1082 1784 et
1116 1755 1196 1784 cur
1223 1739 1284 1784 ita
1321 1748 1546 1800 oporteret
1580 1742 1682 1787 satis

278 1811 555 1857 intellexisse.
595 1814 647 1856 D.
677 1811 859 1856 Memini
881 1811 936 1855 ab
958 1809 1033 1855 illa
1054 1810 1153 1870 lege
1175 1809 1455 1867 numerandi,
1480 1810 1602 1872 quod
1625 1813 1682 1858 ab

278 1899 369 1928 uno
405 1882 656 1942 incipimus,
681 1881 803 1942 quod
830 1881 1098 1941 principium
1130 1895 1420 1926 numerorum
1456 1890 1547 1938 est,
1583 1883 1682 1943 pla-

278 1955 416 2000 cuisse
451 1953 576 1998 nobis
607 1969 698 1998 non
720 1962 923 2013 oportere
962 1952 1204 1997 discedere.
1226 1955 1289 1998 M.
1315 1954 1431 1999 Cum
1466 1953 1602 2013 igitur
1635 1955 1682 2000 in

276 2026 462 2088 pedibus
495 2026 701 2069 binarum
733 2023 1003 2083 syllabarum
1036 2022 1110 2068 ille
1143 2024 1198 2069 sit
1219 2024 1388 2084 primus
1409 2024 1487 2085 qui
1507 2024 1682 2071 duabus

276 2097 485 2142 brevibus
512 2105 698 2151 constat,
729 2095 917 2155 cogebat
948 2094 1067 2139 enim
1096 2095 1207 2139 ratio
1229 2095 1308 2140 uni
1341 2095 1529 2155 tempori
1559 2096 1681 2156 prius

277 2184 418 2214 unum
439 2178 612 2229 tempus
627 2167 776 2228 jungi,
803 2182 938 2228 quam
958 2165 1071 2222 duo,
1097 2181 1232 2227 quem
1257 2164 1437 2210 tandem
1459 2166 1681 2213 arbitraris

278 2241 325 2285 in
356 2239 544 2300 pedibus
578 2248 800 2283 ternarum
836 2237 1106 2296 syllabarum
1142 2237 1337 2298 primum
1375 2252 1465 2282 esse
1487 2237 1680 2284 debere?

280 2315 332 2356 D.
352 2314 510 2367 Quem,
528 2310 609 2354 nisi
631 2326 732 2354 eum
749 2310 825 2371 qui
840 2326 864 2354 a
878 2309 1017 2354 tribus
1039 2308 1245 2354 brevibus
1262 2308 1424 2354 confit?
1445 2312 1506 2355 M.
1523 2312 1581 2354 Et
1598 2310 1679 2355 iste

275 2393 385 2444 quot
420 2393 668 2443 temporum
705 2385 797 2427 est?
835 2385 888 2427 D.
934 2382 1084 2426 Trium
1121 2381 1301 2426 scilicet.
1341 2384 1403 2427 M.
1445 2382 1678 2436 Quomodo

278 2471 381 2514 crgo
403 2455 536 2516 hujus
557 2464 701 2515 partes
735 2454 815 2498 sibi
845 2452 1167 2499 conferuntur?
1187 2455 1298 2499 Nam
1320 2469 1497 2498 omnem
1519 2454 1678 2514 pedem.

277 2536 456 2587 propter
472 2526 593 2572 illam
611 2541 898 2572 numerorum
913 2524 1194 2571 collationem
1212 2525 1321 2571 duas
1336 2525 1500 2572 habere
1512 2535 1672 2586 partes,
