1888 3168
299 206 379 244 2:32
745 219 777 243 ε.
818 217 920 243 Aret
935 218 1042 244 εΉΜ
1080 218 1257 244 nriscori

296 298 453 342 corpus
482 280 618 325 ullum
646 291 708 326 cst
741 283 1052 342 sempiternum
1070 318 1079 333 ,
1107 282 1254 326 nullus
1277 282 1445 326 animus
1471 297 1558 325 non
1576 294 1684 323 svm-

297 355 492 414 piternus
520 363 598 398 est.
639 355 1069 416 Quonianrquilibct
1096 355 1266 399 animus
1304 353 1484 398 cuilibet
1513 352 1684 412 corpori

294 424 595 486 praeferendus
617 435 702 481 est,
727 436 771 471 et
808 427 954 471 omnia
988 427 1249 487 sempiterna
1283 442 1374 470 non
1396 423 1681 486 sempiternis.

294 501 353 542 At
373 497 407 542 si
428 496 551 558 quod
582 513 682 542 vere
710 497 891 553 dicitur,
916 496 1082 542 factum
1104 507 1169 543 est
1202 513 1359 558 corpus
1375 533 1386 553 ,
1433 496 1579 557 aliquo
1616 494 1685 539 fa-

294 570 436 614 ciente
453 568 618 614 factum
642 578 733 625 est,
759 585 838 615 nec
861 586 912 615 eo
930 569 1149 615 inferiore.
1170 573 1323 631 Neque
1346 569 1462 614 enim
1485 576 1595 613 esset
1610 582 1688 628 po-

294 650 389 685 tens
412 639 469 685 ad
490 639 688 685 dandum
705 641 742 684 ei
755 639 877 702 quod
890 640 1070 697 faceret,
1092 639 1312 702 quidquid
1330 640 1443 685 illud
1464 648 1543 694 est,
1565 637 1688 700 quod

294 721 358 757 est
379 712 425 756 id
446 711 569 773 quod
590 711 793 757 faciebat.
831 712 916 758 Sed
938 729 993 757 ne
1012 713 1105 773 pari
1124 712 1309 774 ‘quidem
1336 732 1345 758 ε
1376 720 1548 773 oportet
1570 710 1686 754 enim

294 783 528 829 facientem
549 783 703 829 melius
727 784 895 846 aliquid
913 785 1077 830 habere
1101 785 1158 829 ad
1179 783 1451 840 faciendum,
1473 799 1606 845 quam
1623 791 1689 826 est

292 855 339 900 id
356 854 477 916 quod
503 853 620 900 facit.
651 858 762 900 Nam
779 854 833 900 de
858 856 1066 916 gignente
1085 872 1175 901 non
1193 855 1381 901 absurde
1398 854 1558 900 dicitur
1572 889 1583 910 ,
1603 853 1687 898 hoc

293 942 396 972 eum
418 942 528 982 esse,
555 926 677 988 quod
693 937 757 972 est
777 925 891 971 illud
913 927 1034 987 quod
1056 927 1111 971 ab
1134 942 1186 972 eo
1203 927 1410 988 gignitur.
1428 926 1688 971 Universum

293 999 427 1058 igitur
453 1014 609 1058 corpus
628 997 683 1042 ab
707 997 853 1059 aliqua
875 998 918 1042 vi
936 1007 978 1042 et
1000 1007 1156 1043 natura
1173 998 1419 1059 potentiore
1440 1006 1571 1058 atque
1592 1011 1688 1040 me-

294 1070 401 1114 liore
425 1069 592 1114 factum
614 1079 702 1125 est,
727 1086 819 1114 non
850 1070 1006 1131 utique
1036 1086 1259 1131 corporea.
1295 1073 1405 1115 Nam
1429 1069 1463 1114 si
1484 1083 1643 1128 corpus
1665 1083 1689 1112 a

293 1156 475 1200 corpore
497 1139 666 1185 factum
689 1150 774 1196 est,
806 1156 896 1186 non
932 1141 1078 1201 potuit
1099 1141 1351 1186 universum
1371 1139 1481 1184 fieri.
1505 1137 1690 1183 Verissi-

293 1227 416 1256 mum
447 1221 513 1257 θεῖ
546 1211 663 1255 enim
685 1210 807 1273 quod
833 1212 879 1256 in
902 1211 1078 1257 exordio
1101 1210 1438 1257 ratiocinationis
1455 1210 1585 1270 hujus
1606 1225 1690 1270 po-

294 1283 486 1337 suimus,
517 1281 687 1326 nullam
719 1297 812 1327 rem
844 1299 868 1327 a
898 1298 942 1327 se
976 1298 1102 1343 posse
1123 1283 1232 1327 fieri.
1260 1285 1366 1328 Haec
1388 1291 1536 1327 autem
1555 1280 1620 1326 vis
1648 1289 1691 1324 et

295 1363 452 1398 natura
474 1354 730 1413 incorporea
747 1354 944 1399 effectrix
960 1354 1152 1414 corporis
1169 1354 1362 1399 universi
1379 1360 1594 1414 praesente
1611 1367 1694 1412 po-

296 1425 432 1470 tentia
454 1433 574 1468 tenet
611 1424 881 1468 universum.
916 1427 1016 1471 Non
1043 1425 1161 1469 enim
1188 1424 1294 1469 fecit
1315 1433 1447 1485 atque
1474 1423 1689 1478 discessit,

294 1497 591 1556 effectumque
624 1494 829 1540 deseruit.
861 1497 925 1540 Ea
949 1496 1112 1556 quippe
1142 1495 1386 1540 substantia
1407 1510 1508 1556 quae
1534 1509 1693 1554 corpus

296 1582 387 1612 non
407 1576 493 1622 est,
519 1581 686 1627 neque,
708 1575 758 1610 ut
784 1566 845 1610 ita
882 1565 1048 1622 dicam,
1088 1565 1285 1611 localiter
1306 1574 1534 1621 movetur,
1558 1573 1610 1609 ut
1637 1564 1694 1609 ab

298 1654 346 1682 ea
370 1637 612 1682 substantia
636 1653 735 1698 quae
755 1636 904 1681 locum
926 1636 1119 1692 obtinet,
1149 1635 1339 1696 separari
1371 1644 1525 1696 queat,
1550 1644 1594 1680 et
1619 1633 1695 1679 illa

297 1710 521 1756 effectoria
542 1710 605 1755 vis
627 1724 779 1754 vacare
801 1724 892 1754 non
919 1716 1084 1769 potest,
1110 1707 1218 1769 quin
1240 1706 1287 1751 id
1308 1706 1431 1768 quod
1452 1707 1507 1751 ab
1531 1722 1581 1751 ea
1603 1706 1696 1751 fac-

297 1792 394 1827 tum
431 1791 495 1826 est
522 1790 721 1836 tueatur,
755 1789 800 1825 et
831 1780 974 1840 specie
1005 1794 1152 1824 carere
1184 1794 1275 1823 non
1296 1778 1431 1834 sinat,
1457 1793 1544 1838 qua
1565 1786 1630 1822 est
1650 1778 1696 1821 in

297 1862 708 1915 quantumcumque
726 1860 804 1895 θεῖ.
825 1849 957 1904 Quod
978 1850 1096 1893 enim
1113 1864 1191 1909 per
1212 1864 1257 1893 se
1274 1864 1366 1894 non
1387 1857 1452 1893 est
1467 1883 1478 1903 ,
1505 1848 1539 1892 si
1562 1846 1696 1892 desti-

300 1935 449 1970 tuatur
465 1924 521 1968 ab
545 1939 596 1968 eo
619 1938 698 1983 per
719 1921 842 1983 quod
858 1931 942 1978 est,
962 1919 1161 1981 profecto
1179 1936 1270 1966 non
1293 1920 1376 1965 erit
1403 1940 1413 1966 :
1433 1929 1477 1965 et
1493 1935 1584 1965 non
1599 1935 1696 1980 pos-

297 2012 448 2043 sumus
471 1995 615 2040 dicere
636 1994 684 2038 id
706 1993 920 2054 accepisse
941 2008 1099 2053 corpus
1138 2007 1241 2037 cum
1269 1990 1435 2036 factum
1458 2000 1548 2047 est,
1579 1999 1630 2036 ut
1651 2005 1696 2035 se

298 2070 392 2129 ipso
403 2069 495 2129 jam
518 2074 776 2112 contentum
797 2079 887 2109 esse
909 2073 1054 2124 posset
1075 2099 1085 2119 ,
1111 2063 1244 2108 etiam
1265 2061 1300 2107 si
1318 2079 1342 2107 a
1364 2061 1591 2107 conditore
1614 2061 1694 2106 de·-

298 2149 530 2185 sereretur.

362 2213 459 2256 XV.
496 2213 760 2269 Quanquam
798 2208 830 2252 si
864 2207 922 2251 ita
952 2215 1040 2261 est,
1075 2205 1213 2265 magis
1246 2202 1293 2249 id
1323 2204 1459 2249 habet
1495 2204 1691 2260 animus,

302 2298 437 2343 quem
459 2280 631 2341 corpori
648 2287 854 2339 praestare
871 2276 1154 2322 manifestum
1176 2285 1254 2321 est.
1276 2278 1422 2336 Atque
1443 2274 1504 2320 ita
1521 2274 1576 2319 de
1592 2290 1696 2335 pro-

307 2354 418 2397 ximo
447 2349 700 2396 immortalis
734 2349 973 2410 probatur,
999 2348 1032 2392 si
1071 2356 1213 2408 potest
1250 2362 1338 2391 esse
1360 2362 1438 2406 per
1459 2361 1504 2390 se
1531 2345 1690 2406 ipsum.

302 2424 530 2484 Quidquid
545 2423 661 2468 enim
682 2421 768 2466 tale
791 2431 878 2477 est,
904 2418 1234 2480 incorruptibile
1259 2419 1314 2463 sit
1335 2433 1506 2462 necesse
1534 2426 1620 2473 est,
1645 2433 1694 2461 ac

303 2512 381 2556 per
414 2496 497 2540 hoc
533 2495 708 2539 interire
742 2509 831 2537 non
857 2493 1016 2553 possit,
1044 2492 1146 2552 quia
1178 2489 1286 2534 nihil
1320 2505 1364 2533 se
1397 2488 1570 2533 deserit.
1609 2488 1695 2532 Sed

307 2567 497 2626 corporis
520 2565 788 2611 mutabilitas
807 2566 849 2609 in
873 2573 1079 2623 promptu
1099 2571 1178 2610 cst„
1204 2560 1322 2622 quod
1351 2561 1484 2620 ipsius
1504 2559 1693 2604 universi
