1888 3168
621 173 674 198 DE
707 171 862 198 musica
896 173 978 198 Lln.
1018 173 1077 197 w.
1478 156 1562 196 495

159 242 268 292 Quae
290 239 325 283 si
351 253 452 284 vera
466 247 591 294 sunt,
618 246 798 299 apparet
819 237 997 281 inventa
1019 251 1109 281 esse
1131 235 1177 279 in
1199 235 1343 280 anima
1368 234 1565 296 quinque

160 324 318 368 genera
341 325 642 364 numerorum,
658 309 820 370 quibus
838 323 940 352 cum
963 306 1183 351 addideris
1205 304 1454 367 corporales
1469 304 1565 350 illos

159 395 271 440 quos
293 388 496 425 sonantes
512 379 780 434 vocavimus,
793 394 865 424 sex
881 392 1040 438 genera
1054 392 1341 421 numerorum
1359 376 1568 437 disposita

160 459 204 495 et
225 450 425 496 ordinata
447 465 698 510 cognosces.
722 453 746 495 J
751 466 821 495 am
844 465 985 505 nunc,
1010 448 1044 493 si
1065 446 1231 509 placet,
1257 446 1322 492 illi
1343 447 1421 508 qui
1443 446 1569 492 nobis

160 514 470 583 subrepserant
482 520 537 566 ad
548 522 843 582 principatum
858 518 1152 566 obtinendum
1165 555 1175 575 ‚
1195 517 1414 564 sensuales
1430 518 1570 564 nomi-

161 603 351 650 nentur,
377 603 421 639 et
441 593 723 655 judicialium
745 609 932 650 nomen,
959 592 1167 655 quoniam
1199 600 1264 637 est
1285 591 1566 647 honoratius,

160 665 205 710 hi
223 666 440 727 accipiant
450 667 528 727 qui
539 665 867 712 excellentiores
884 665 1099 726 comperti
1112 673 1215 709 sunt
1229 682 1238 709 ε
1254 678 1511 725 quanquam
1526 672 1571 708 et

161 737 413 782 sonantium
422 753 586 783 nomen
598 737 863 782 mutandum
877 746 1029 797 putem
1037 772 1048 793 ‚
1060 735 1269 797 quoniam
1279 735 1314 780 si
1323 733 1570 795 corporales

161 818 397 865 vocentur,
423 808 696 855 manifestius
712 809 1022 868 significabunt
1041 808 1170 853 etiam
1186 806 1281 852 illos
1299 805 1376 868 qui
1399 814 1502 851 sunt
1526 805 1572 849 in

161 879 403 937 saltatione,
418 889 462 925 et
479 880 525 924 in
547 889 708 926 caetero
718 889 845 925 motu
856 879 1015 925 visibili
1033 898 1041 924 z
1064 879 1099 924 si
1118 888 1265 924 tamen
1279 893 1327 922 ea
1342 893 1443 939 quae
1455 875 1572 921 dicta

161 962 265 997 sunt
280 952 455 1014 probas.
473 957 524 998 D.
544 953 690 999 Probo
705 969 807 998 sane
826 972 834 998 ε
852 967 953 997 nam
977 961 1020 997 et
1041 967 1143 998 vera
1157 960 1200 996 et
1213 949 1445 995 manifesta
1462 946 1572 993 mihi

161 1022 366 1069 videntur
380 1043 389 1069 :
404 1025 565 1070 horum
583 1025 715 1070 etiam
729 1023 1083 1070 emendationem
1096 1020 1416 1069 vocabulorum
1427 1019 1572 1065 liben-

162 1104 228 1140 ter
250 1095 431 1156 accipio.

168 1255 1058 1274 wvvvvwwwwmmwwwvmmmwwvwwwiwvvmx
1066 1255 1133 1271 ἋΊΑ
1138 1252 1567 1271 wwvvvvvwmwwwwmm

704 1381 923 1430 CAPUT
982 1382 1046 1428 X.

162 1528 387 1573 Rationis
404 1528 474 1569 vis
503 1528 553 1571 in
572 1524 928 1587 perspiciendis
951 1540 1058 1581 (luce
1082 1518 1154 1566 acl
1172 1521 1408 1565 musicam
1428 1521 1576 1579 perti-

239 1606 352 1643 nent
359 1633 375 1654 ,
402 1594 485 1641 ubi
504 1593 629 1641 nillil
647 1592 788 1640 aliud
806 1610 955 1655 qaam
980 1591 1244 1652 (equalitas
1266 1589 1491 1638 delectat.

224 1737 364 1780 XXV.
400 1737 461 1780 M.
497 1737 592 1780 ΑΘΕ
615 1749 734 1779 nune
758 1733 901 1794 aspice
940 1733 987 1777 in
1018 1732 1109 1778 vim
1132 1731 1467 1792 potentiamque
1504 1746 1576 1776 ra-

166 1807 295 1852 tionis
317 1815 535 1868 quantum
563 1822 614 1850 ex
637 1805 844 1867 operibus
868 1806 961 1866 ejus
985 1804 1177 1865 aspicere
1199 1818 1445 1861 possumus.
1481 1805 1580 1863 Ipsa

167 1880 283 1925 enim
299 1916 309 1935 ,
331 1889 381 1924 ut
403 1879 448 1924 id
467 1878 743 1939 potissimum
771 1877 915 1922 dicam
939 1875 1063 1937 quod
1086 1875 1141 1920 ad
1163 1875 1295 1936 hujus
1319 1874 1461 1935 operis
1485 1890 1580 1920 sus-

164 1953 415 2013 ceptionem
439 1952 614 2007 attinet‚
641 1951 784 2011 primo
816 1948 926 2011 quid
960 1949 1013 1994 sit
1057 1949 1148 2009 ipsa
1176 1947 1292 1993 bona
1331 1946 1578 1992 modulatio

166 2024 479 2080 consideravit,
507 2033 550 2069 et
572 2039 666 2068 eam
701 2023 747 2066 in
776 2022 969 2084 quodam
993 2030 1120 2066 motu
1156 2020 1318 2075 libero⁷
1344 2029 1388 2065 et
1408 2019 1464 2064 ad
1488 2034 1578 2064 suae

166 2097 507 2158 pulchritudinis
529 2097 663 2141 finem
676 2110 887 2141 converso
915 2109 1005 2139 esse
1023 2093 1256 2154 perspexit.
1279 2092 1449 2137 Deinde
1468 2090 1581 2136 vidit

168 2170 215 2213 in
236 2168 430 2214 motibus
454 2183 689 2227 corporum
705 2166 826 2211 aliud
849 2181 939 2210 esse
957 2164 1078 2227 quod
1092 2164 1308 2209 brevitate
1321 2173 1364 2208 et
1386 2161 1582 2224 produc-

168 2242 288 2286 tione
302 2240 509 2300 temporis
526 2236 790 2293 variaretur,
807 2237 852 2281 in
866 2247 1082 2298 quantum
1100 2236 1237 2296 magis
1252 2244 1365 2280 esset
1380 2236 1581 2280 minusve

171 2311 454 2366 diuturnum,
477 2309 597 2354 aliud
614 2307 822 2354 localium
847 2309 1088 2368 spatiorum
1111 2306 1392 2368 percussione
1416 2306 1463 2350 in
1476 2304 1580 2367 qui-

171 2384 357 2429 busdam
389 2380 594 2443 gradibus
627 2379 869 2426 celeritatis,
890 2387 932 2423 et
963 2377 1204 2423 tarditatis:
1245 2394 1332 2439 qua
1369 2376 1582 2422 divisione

173 2456 308 2511 facta,
334 2454 446 2499 illud
459 2454 580 2515 quod
605 2453 650 2498 in
672 2451 882 2512 temporis
905 2466 1027 2495 mora
1045 2459 1156 2495 esset
1172 2486 1182 2505 ,
1208 2448 1420 2494 modestis
1442 2448 1580 2492 inter—

172 2527 317 2583 vallis,
346 2535 389 2571 ct
410 2526 606 2571 humano
629 2523 774 2570 sensui
791 2520 1130 2568 accommodatis
1154 2518 1424 2566 articulatim
1440 2518 1579 2564 varios
