1888 3168
275 212 361 251 -116
712 219 745 245 5,
783 217 1012 245 Amissum
1047 217 1225 244 EPlscoPl

275 287 476 331 bitaverit
494 284 716 344 duplicem
738 283 865 344 hujus
888 298 977 327 esse
999 281 1277 327 divisionem:
1299 296 1494 343 namque
1517 294 1592 329 aut
1612 286 1668 329 ab

274 374 360 402 una
384 356 555 416 incipit,
577 365 620 400 et
638 355 788 400 finitur
807 353 862 399 ad
885 353 992 398 duas
1008 375 1018 411 3
1036 362 1111 397 aut
1129 362 1280 398 contra
1297 353 1507 414 incipiens
1521 371 1544 399 a
1561 356 1670 400 dua-

273 432 378 486 bus,
404 445 491 474 una
514 429 787 474 terminatur.
815 431 958 481 Quare
993 427 1113 471 hunc
1137 442 1309 472 11666556
1346 435 1409 471 651
1445 427 1597 486 viginti
1627 437 1670 473 et

274 518 411 548 unum
427 512 564 547 metra
588 515 829 562 procreare.
856 503 907 544 D.
926 499 1209 543 Verissimum
1232 508 1310 544 est.
1326 501 1436 545 Nam
1455 499 1671 559 incipiunt

277 592 300 620 a
330 584 520 636 quatuor
553 573 782 627 brevibus,
806 580 857 616 ut
890 570 979 615 duo
1013 579 1210 631 tempora
1247 570 1471 616 sileamus:
1511 570 1671 615 deinde

273 647 470 708 quinque
492 654 617 701 sunt,
643 645 720 689 ubi
741 658 882 688 unum
900 642 1076 688 silemus
1093 662 1101 688 :
1128 642 1257 688 tertio
1274 658 1346 687 sex
1361 679 1372 699 ,
1392 643 1471 687 ubi
1493 641 1603 687 nihil
1615 643 1672 687 si-

271 716 454 762 lendum
479 726 570 762 est:
597 724 753 777 quarto
777 723 964 775 septem,
990 714 1067 758 ubi
1104 729 1251 759 rursus
1273 713 1361 759 duo
1394 723 1590 775 tempora
1611 713 1671 759 si-

271 787 402 833 lenda
417 797 518 833 511111
531 807 539 833 ;
556 786 657 831 111(16
669 796 784 841 0610,
796 786 875 830 11111
887 802 1026 830 unum
1040 805 1049 830 2
1065 794 1184 831 sexto
1195 801 1370 842 novem,
1386 785 1466 830 ubi
1479 783 1666 830 nullum.

273 864 418 922 Atque
439 862 497 905 ita
512 876 613 906 cum
630 858 812 919 singulae
831 857 1057 903 adduntur
1068 894 1079 914 ,
1095 857 1235 903 donec
1248 857 1304 902 ad
1314 857 1470 917 viginti
1484 866 1673 919 quatuor

274 931 463 990 syllabas
484 931 706 986 veniatur,
733 930 809 991 qui
833 938 932 974 octo
968 938 1069 973 sunt
1091 930 1322 985 tribrachi,
1357 929 1512 987 viginti
1533 943 1674 973 unum

274 1003 455 1048 omnino
478 1011 616 1046 metra
638 1000 931 1061 complentur.
948 1003 1009 1045 M.
1026 999 1357 1061 Expeditissime
1380 1001 1595 1045 rationem
1608 1014 1675 1044 56-

274 1083 401 1119 cutus
419 1089 488 1131 es·,
509 1073 585 1118 sed
607 1088 839 1117 censes-ne
861 1071 1028 1131 ubique
1047 1087 1070 1115 a
1092 1071 1218 1116 1101115
1241 1070 1437 1132 exempla
1457 1087 1547 1116 6556
1569 1087 1674 1131 pro-

273 1145 431 1190 menda
445 1181 454 1201 ,
475 1161 530 1189 an
549 1161 596 1189 ea
611 1160 710 1205 quae
727 1143 811 1188 illis
824 1152 1014 1204 quatuor
1028 1143 1176 1203 primis
1189 1142 1374 1203 pedibus
1386 1142 1671 1204 subjecimus,

272 1217 372 1261 satis
394 1216 644 1276 putandum
664 1225 728 1260 651
740 1214 918 1259 luminis
934 1214 1100 1259 caeteris
1121 1230 1211 1259 6556
1234 1214 1497 1274 praebitura?
1511 1217 1562 1259 D.
1575 1216 1675 1259 Meo

271 1287 452 1349 quidem
471 1287 637 1348 judicio
660 1287 775 1331 satis.
795 1289 856 1331 M.
875 1289 963 1331 Nec
977 1302 1057 1345 ego
1072 1302 1191 1331 nunc
1205 1285 1325 1330 aliud
1347 1286 1520 1346 requiro
1541 1301 1676 1346 quam

273 1370 415 1404 tuum.
433 1362 749 1404 Verumtamen
763 1357 970 1418 quoniam
983 1358 1073 1418 jam
1089 1357 1253 1417 optime
1266 1357 1345 1402 5615
1357 1357 1405 1400 111
1417 1356 1677 1417 pyrrhichiis

273 1431 421 1475 metris
454 1439 624 1474 mutato
661 1429 819 1489 plausu
860 1443 984 1488 posse
1027 1428 1270 1473 tribrachos
1308 1427 1500 1487 percuti,
1527 1443 1676 1488 quaero

275 1511 424 1546 utrum
449 1501 687 1561 pyrrhichii
710 1500 902 1560 primum
934 1508 1124 1543 metrum
1152 1499 1287 1558 possit
1310 1498 1441 1543 etiam
1466 1498 1676 1543 tribrachi

272 1581 461 1616 metrum
478 1572 657 1615 habere.
679 1574 730 1615 D.
747 1572 845 1615 Non
858 1578 1022 1629 potest:
1044 1570 1180 1628 majus
1199 1569 1317 1613 enim
1338 1578 1529 1614 metrum
1545 1585 1678 1629 opor-

274 1653 337 1688 tet
359 1659 448 1688 cssc
471 1658 605 1703 quam
647 1640 821 1702 pedem.
846 1644 907 1686 M.
946 1639 1087 1695 Quid,
1113 1638 1382 1684 secundum?
1413 1643 1464 1684 D.
1501 1643 1673 1686 Potest:

273 1730 375 1758 nam
396 1714 548 1758 breves
567 1721 756 1773 quatuor
772 1710 1016 1771 pyrrhichii
1034 1709 1122 1754 duo
1145 1720 1269 1765 sunt,
1293 1710 1537 1755 tribrachus
1560 1727 1676 1756 unus

274 1794 317 1829 et
339 1784 544 1844 semipes,
562 1784 620 1827 ita
643 1791 693 1826 ut
715 1781 776 1825 ibi
799 1780 995 1835 nullum,
1011 1780 1081 1825 hic
1104 1780 1194 1825 duo
1231 1790 1426 1841 tempora
1448 1781 1669 1826 sileamus.

273 1859 334 1901 M.
358 1858 528 1900 Mutato
543 1854 677 1913 igitur
697 1851 855 1913 plausu
875 1851 1010 1895 habes
1031 1852 1077 1895 in
1090 1851 1354 1911 pyrrhichiis
1369 1853 1499 1897 etiam
1517 1853 1677 1897 tribra-

273 1926 343 1971 chi
381 1925 579 1985 exempla
609 1939 747 1984 usquc
771 1923 826 1967 ad
845 1921 1028 1966 sedecim
1055 1921 1264 1980 syllabas,
1285 1922 1331 1966 id
1350 1933 1435 1979 651,
1456 1939 1596 1984 usque
1622 1923 1679 1969 ad

274 1998 470 2058 quinque
487 1996 728 2041 tribrachos
751 2003 794 2038 61
811 1992 1092 2052 semipedem,
1114 1993 1277 2054 quibus
1294 1993 1428 2039 debes
1452 2010 1543 2039 esse
1565 2010 1674 2040 con-

274 2078 420 2113 tentus
439 2088 447 2112 :
475 2076 632 2112 caetera
654 2066 770 2110 enim
789 2074 912 2125 potes
928 2063 999 2108 vel
1019 2079 1126 2109 voce
1153 2063 1223 2109 vel
1244 2063 1392 2126 aliquo
1415 2064 1573 2125 plausu
1600 2081 1678 2126 per

275 2149 316 2184 16
338 2140 427 2200 ipse
450 2148 678 2184 contexere
695 2158 706 2195 3
726 2136 758 2180 si
778 2146 924 2180 tamen
946 2134 1090 2179 adhuc
1109 2136 1280 2180 aurium
1301 2151 1430 2180 sensu
1448 2136 1678 2197 exploran-

274 2209 352 2255 dos
375 2208 677 2271 hujuscemodi
700 2222 905 2252 numeros
932 2206 1166 2251 arbitraris.
1193 2210 1243 2252 D.
1270 2207 1443 2253 Faciam
1472 2207 1677 2269 equidem

276 2281 404 2341 quod
416 2280 664 2326 videbiturz
688 2276 912 2326 videamus
935 2292 1034 2338 quae
1056 2286 1234 2322 restant.
