1883 3194
258 179 313 219 60
689 184 724 218 s.
762 184 993 218 mensum
1025 185 1208 218 zrxscorr

256 253 468 301 invitabat
494 251 596 299 coeli
629 252 763 298 nimia
796 254 1027 311 serenitas,
1051 254 1306 316 placuitque
1333 260 1387 299 ut
1413 267 1469 299 ne
1500 253 1643 314 ipsum

255 325 450 388 quidem,
471 324 591 386 quod
613 325 841 381 restiterat,
857 334 1030 386 tempus
1051 325 1192 387 perire
1212 334 1477 387 pateremur.
1491 326 1647 385 Itaque

257 413 357 443 cuin
381 396 435 441 ad
461 395 663 442 arborem
690 395 858 441 solitam
888 406 1071 441 ventum
1099 405 1233 453 esset,
1271 405 1316 442 et
1345 394 1648 441 mansissemus

257 468 354 513 loco
374 486 383 513 :
410 466 552 511 Velim
574 482 666 523 vos,
685 466 883 527 inquam,
901 464 1230 523 adolescentuli,
1248 467 1457 528 quoniam
1473 481 1564 510 non
1585 473 1650 509 cst

255 538 388 585 hodie
410 554 568 598 magna
589 554 655 583 res
677 537 986 598 aggredienda,
1005 538 1051 584 in
1072 537 1328 583 memoriam
1350 537 1458 582 mihi
1471 550 1651 582 revoce-

256 608 555 672 tis,quomodo
566 611 770 655 hesterno
786 609 855 654 dic
868 609 1200 670 rogatiunculae,
1221 626 1322 672 quae
1342 625 1419 655 vos
1436 608 1646 664 turbavit,

256 681 441 742 Alypius
461 681 748 742 responderit.
776 681 858 726 Hic
880 682 1100 727 Licentius
1127 701 1136 728 :
1163 685 1269 727 Tam
1297 681 1430 726 breve
1457 688 1546 736 est,
1579 679 1650 723 in-'

256 755 368 815 quit,
394 764 445 799 ut
460 754 570 799 nihil
587 754 749 814 negotii
761 753 819 798 sic
828 754 914 800 hoc
931 754 1173 813 recordari,
1189 752 1320 815 quam
1331 752 1426 798 leve
1438 751 1494 797 sit
1503 759 1651 796 autem

258 835 309 870 tu
329 824 503 870 videris.
528 827 655 882 Nam,
681 834 732 870 ut
754 825 925 886 opinor,
952 826 1094 872 vetuit
1120 834 1181 882 te,
1207 841 1273 871 res
1296 840 1398 871 cum
1413 825 1649 878 constaret,

256 896 312 941 de
339 896 482 942 verbis
503 912 679 943 movere
701 895 1009 958 quaestionem.⁴
1037 901 1096 943 Et
1119 913 1201 958 ego
1227 917 1237 944 ι
1267 900 1362 943 Hoc
1383 896 1550 956 ipsum,
1579 893 1653 938 im-

255 982 405 1028 quam,
430 966 538 1029 quid
555 968 625 1024 sit,
640 984 828 1030 quamve
840 968 1002 1014 habeat
1017 968 1124 1025 vim,
1145 968 1245 1013 satis
1260 963 1654 1012 animadvertistis?

256 1037 435 1094 Videor,
458 1038 618 1099 inquit,
644 1039 757 1084 mihi
771 1038 920 1085 videie
940 1038 1050 1101 quid
1067 1039 1136 1095 sit,
1158 1037 1235 1083 sed
1255 1052 1404 1099 quaeso
1415 1045 1467 1081 tu
1481 1033 1527 1080 id
1541 1049 1653 1095 pau-

256 1109 391 1169 lisper
432 1113 636 1169 exponas.
684 1113 801 1156 Num
843 1126 958 1171 saepe
999 1110 1075 1156 abs
1107 1119 1152 1155 te
1183 1109 1358 1164 audivi,
1399 1116 1530 1167 tuipe
1562 1120 1655 1151 esse

256 1179 584 1240 disputantibus
618 1180 664 1224 in
694 1181 934 1226 veiborum
972 1181 1216 1242 quaestione
1255 1178 1477 1226 immorari
1492 1213 1504 1234 ,
1551 1181 1656 1221 cum

255 1267 328 1296 cer
334 1261 480 1296 tamen
498 1249 676 1296 nullum
699 1250 755 1294 de
786 1251 919 1296 rebus
941 1251 1211 1295 remanserit.
1239 1249 1326 1296 Sed
1346 1251 1431 1295 hoc
1452 1246 1655 1294 subtilius

255 1332 335 1379 est,
360 1337 496 1383 quam
512 1331 564 1367 ut
582 1321 890 1382 explicandum
908 1337 932 1366 a
953 1335 1025 1365 me
1047 1320 1208 1365 debeat
1229 1320 1430 1378 flagitari.

312 1395 478 1439 XXVL
514 1392 678 1438 Audite
700 1407 820 1452 ergo,
844 1392 1042 1452 inquam,
1068 1389 1177 1452 quid
1205 1389 1261 1436 sit
1281 1404 1393 1436 vos:
1419 1387 1472 1435 Id
1488 1388 1656 1450 proba-

254 1465 343 1512 bile
363 1465 435 1512 vel
454 1464 685 1512 verisimile
709 1462 960 1510 Academici
980 1471 1167 1519 vocant,
1192 1460 1314 1523 quod
1335 1476 1415 1507 nos
1442 1459 1499 1506 ad
1521 1475 1656 1520 agen-

253 1537 362 1582 dum
374 1537 464 1582 sine
483 1536 726 1582 assensione
737 1544 883 1596 potest
895 1534 1095 1580 invitare.
1118 1533 1221 1580 Sine
1242 1533 1491 1579 assensione
1505 1541 1656 1579 autem

253 1609 351 1654 dico
368 1644 380 1665 ‚
405 1617 456 1653 ut
479 1607 526 1652 id
552 1607 675 1669 quod
692 1606 860 1666 agimus
888 1621 979 1652 non
1005 1605 1237 1666 opinemur
1257 1619 1415 1650 verum
1436 1618 1550 1661 esse,
1575 1611 1653 1648 aut

257 1696 348 1725 non
369 1679 416 1725 id
434 1679 543 1724 scire
571 1678 857 1734 arbitremur,
883 1692 1062 1736 agamus
1084 1684 1249 1722 tamen.
1275 1677 1337 1722 Ut
1354 1674 1479 1720 verbi
1499 1689 1628 1720 causa
1642 1708 1655 1731 ,

257 1761 407 1796 utrum
428 1751 632 1796 hesterna
653 1759 783 1795 nocte
800 1758 892 1795 tam
911 1747 1080 1810 liquida
1094 1763 1143 1792 ac
1157 1762 1284 1807 pura,
1308 1745 1441 1791 hodie
1462 1754 1555 1790 tam
1576 1744 1657 1790 lae-

258 1833 328 1869 tus
341 1823 405 1869 sol
421 1831 652 1867 exorturus
670 1829 796 1876 esset,
816 1821 852 1864 si
863 1834 942 1865 nos
955 1818 1170 1879 quispiam
1186 1824 1374 1876 rogaret,
1391 1816 1523 1861 credo
1536 1816 1659 1877 quod

259 1911 339 1941 nos
361 1893 408 1939 id
429 1893 536 1938 scire
554 1906 813 1953 negaremus
831 1890 1092 1945 diceremus,
1107 1897 1258 1932 tamen
1272 1888 1333 1933 ita
1347 1885 1503 1933 videri.
1519 1887 1654 1944 Talia,

260 1967 404 2029 inquit
426 1964 729 2020 Academicus,
756 1962 865 2007 mihi
885 1960 1094 2007 videntur
1116 1958 1262 2006 omnia
1289 1974 1389 2019 quae
1410 1957 1659 2019 probabilia

259 2039 330 2086 vel
351 2037 599 2084 verisimilia
619 2036 786 2097 putavi,
807 2032 1102 2091 nominanda,
1127 2047 1227 2093 quae
1246 2040 1295 2076 tu
1313 2031 1349 2076 si
1371 2029 1456 2076 alio
1479 2029 1660 2075 nomine

259 2112 322 2158 vis
340 2125 511 2165 vocare,
533 2108 643 2154 nihil
664 2122 876 2169 iepugno.
902 2105 1012 2152 Satis
1034 2104 1154 2149 enim
1165 2102 1274 2149 mihi
1291 2110 1356 2146 est
1376 2110 1420 2146 te
1436 2102 1527 2162 jam
1545 2102 1659 2146 bene

263 2181 476 2261 accepisse
497 2180 605 2242 quid
632 2178 799 2235 dicam,
823 2176 870 2223 id
892 2186 981 2232 est,
1013 2175 1176 2237 quibus
1206 2173 1336 2218 lebus
1363 2172 1458 2217 haec
1480 2171 1660 2218 nomina

262 2254 502 2313 imponam.
529 2253 629 2298 Non
649 2250 768 2295 enim
796 2246 1116 2294 vocabulorum
1149 2244 1377 2305 opificem,
1402 2241 1479 2289 sed
1511 2258 1658 2288 rerum

262 2325 563 2387 inquisitorem
592 2323 719 2369 decet
738 2336 829 2367 esse
861 2320 1115 2381 sapientem.
1151 2317 1343 2364 Satis-ne
1363 2314 1655 2371 intellexistis,

262 2395 486 2457 quomodo
498 2394 607 2439 mihi
625 2393 794 2440 ludicra
808 2391 899 2448 illa,
919 2391 1082 2452 quibus
1102 2403 1178 2435 vos
1197 2387 1432 2447 agitabam,
1452 2385 1508 2431 de
1522 2386 1660 2432 mani-

262 2467 346 2511 bus
369 2481 545 2511 excussa
566 2465 682 2510 sint?
712 2464 794 2509 Hic
815 2477 916 2508 cum
948 2461 1080 2507 ambo
1104 2474 1149 2505 se
1179 2457 1441 2505 intellexisse
1474 2471 1659 2517 respon-

261 2536 440 2595 dissent,
473 2535 691 2597 vultuque
711 2534 806 2596 ipso
827 2531 1159 2595 responsionem»
1172 2528 1448 2591 postularent
1465 2541 1607 2576 meam
1634 2545 1648 2575 2
