1883 3194
326 215 381 261 76
743 230 777 259 3.
815 230 1045 261 Aucusrmi
1078 230 1260 261 EPISCOPI

325 314 413 360 quo
431 298 652 343 convictos
672 307 815 358 putas.
843 298 997 343 Dicent
1017 297 1135 342 enim
1162 312 1300 359 usque
1320 296 1430 343 adeo
1458 296 1569 342 nihil
1599 310 1716 342 com-

324 368 556 430 prehendi,
580 367 781 430 nullique
798 369 859 413 rei
881 368 1171 414 assensionem
1193 367 1492 429 praebendam,
1516 376 1569 412 ut
1584 367 1715 412 etiam

324 442 407 486 hoc
434 439 490 485 de
512 440 622 485 nihil
645 439 948 501 percipiendo,
972 439 1093 501 quod
1115 448 1207 485 tota
1230 440 1313 485 sibi
1333 455 1446 501 pene
1464 439 1554 485 vita
1575 453 1718 500 usque

326 511 382 557 ad
401 521 445 556 te
462 511 749 572 probabiliter
769 520 1086 572 persuaserant,
1110 526 1231 556 nunc
1247 510 1325 556 ista
1338 510 1622 557 conclusione
1634 509 1720 555 sibi

325 592 546 628 extortum
562 583 616 627 sit
634 602 643 628 :
667 592 719 628 ut
743 583 831 628 sive
846 592 968 639 tunc,
993 583 1083 627 sive
1102 598 1222 627 nunc
1242 582 1373 643 hujus
1394 582 1639 642 argumenti
1653 580 1719 627 vis

325 655 529 700 tarditate
554 655 719 714 ingenii
744 656 829 699 mei
847 690 859 711 ‚
887 655 977 701 sive
1001 669 1150 700 revera
1167 670 1246 700 suo
1267 654 1427 701 robore
1444 654 1607 700 invicta
1627 653 1682 698 sit
1701 688 1714 709 ,

324 742 396 770 eos
416 725 514 770 loco
525 741 700 771 movere
714 741 805 770 non
822 726 974 786 possit,
990 741 1092 771 cum
1107 724 1316 771 audacter
1332 726 1549 771 affirmare
1571 724 1719 770 adhuc

324 797 518 852 valeant,
552 812 608 842 ne
639 812 758 842 nunc
796 796 978 858 quidem
1009 796 1091 842 ulli
1124 797 1186 842 rei
1214 797 1577 843 consentiendum
1609 811 1716 841 esse.

326 871 457 913 Forte
479 869 596 913 enim
611 868 847 930 aliquando
871 878 1023 914 contra
1035 870 1119 915 hoc
1128 869 1533 931 quoquenonnihil,
1545 868 1717 924 velasc,

325 940 394 985 vel
403 957 425 984 a
439 941 645 1002 quopiam
657 941 834 1002 reperiri
846 957 984 1002 posse,
998 942 1119 1004 quod
1127 952 1254 988 acute
1263 941 1640 1003 probabiliterque
1651 939 1723 985 di-

325 1021 450 1056 catur
469 1032 477 1056 :
503 1028 714 1073 suamque
731 1013 967 1072 imaginem
983 1022 1027 1058 et
1046 1014 1171 1075 quasi
1188 1012 1417 1075 speculum
1433 1012 1661 1075 quoddam
1675 1012 1723 1055 in

326 1087 484 1128 Proteo
508 1083 584 1128 illo
608 1083 895 1129 animadverti
917 1094 1118 1145 oportere
1142 1088 1174 1141 1,
1202 1085 1280 1146 qui
1302 1084 1491 1130 traditur
1511 1099 1564 1129 eo
1584 1082 1724 1128 solere

326 1155 421 1215 capi
447 1170 535 1216 quo
554 1156 733 1200 minime
754 1165 1006 1216 caperetur,
1040 1157 1460 1218 investigatoresque
1485 1149 1579 1218 ejus
1600 1170 1720 1200 nun-

326 1242 458 1287 quam
480 1226 685 1271 eumdem
703 1227 908 1283 tenuisse,
927 1227 1163 1272 nisiindice
1177 1227 1357 1289 alicujus
1379 1227 1500 1273 modi
1521 1226 1719 1272 numine.

326 1297 507 1351 Quodsi
530 1298 656 1353 adsit,
683 1307 727 1343 et
742 1297 860 1342 illam
882 1298 1010 1343 nohis
1022 1299 1272 1355 veritatem,
1287 1315 1388 1361 quae
1410 1307 1585 1344 tantum
1603 1313 1724 1343 curae

328 1378 392 1413 cst
409 1405 420 1425 ,
439 1368 738 1414 demonstrare
755 1368 978 1428 dignetur,
1018 1384 1100 1428 ego
1130 1384 1309 1430 quoque
1337 1368 1409 1414 vel
1428 1369 1530 1430 ipsis
1550 1368 1696 1416 invitis
1710 1403 1723 1425 ‚

325 1440 449 1502 quod
469 1441 648 1485 minime
669 1455 783 1496 reor,
803 1438 901 1485 illos
924 1449 1148 1500 superatos
1172 1455 1261 1484 esse
1283 1439 1543 1484 confitebor.

385 1514 489 1556 XII.
508 1514 625 1556 Bene
642 1512 793 1567 habet,
813 1511 1011 1572 inquam,
1029 1526 1205 1571 prorsus
1220 1510 1332 1554 nihil
1349 1510 1540 1572 amplius
1557 1509 1722 1571 optavi.

326 1587 438 1631 Nam
455 1584 616 1640 videte,
629 1600 792 1646 quaeso,
810 1584 926 1628 hona
940 1583 1048 1627 mihi
1064 1592 1174 1644 quot
1187 1591 1230 1627 et
1248 1592 1412 1644 quanta
1425 1583 1724 1643 provenerint.

327 1656 525 1700 Primum
549 1664 614 1700 cst
631 1691 641 1710 ,
664 1655 786 1715 quod
804 1653 1055 1699 Academici
1068 1654 1160 1715 jam
1175 1653 1235 1698 sic
1260 1653 1449 1699 convicti
1467 1669 1557 1699 esse
1575 1652 1729 1698 dicun-

328 1736 401 1770 tur
415 1762 425 1782 ,
447 1735 497 1770 ut
519 1725 629 1770 nihil
652 1726 710 1769 eis
730 1733 860 1769 restet
877 1723 933 1768 ad
955 1723 1270 1780 defensionem,
1292 1724 1374 1768 nisi
1391 1723 1511 1785 quod
1529 1724 1623 1769 fieri
1638 1740 1729 1769 non

329 1806 487 1857 potest.
514 1797 620 1850 Quis
648 1796 768 1841 enim
782 1796 867 1840 hoc
887 1804 964 1840 aut
985 1794 1233 1854 intelligere
1252 1795 1346 1839 ullo
1368 1795 1520 1851 modo,
1543 1804 1620 1840 aut
1642 1811 1730 1840 crc-

330 1869 434 1913 dere
455 1868 626 1924 valcat,
653 1883 755 1912 eum
779 1867 856 1928 qui
888 1867 1028 1912 victus
1055 1867 1109 1910 sit
1124 1902 1135 1922 ,
1168 1882 1221 1910 eo
1242 1867 1335 1926 ipso
1355 1882 1445 1928 quo
1471 1867 1611 1912 victus
1634 1877 1725 1923 est,

328 1941 540 1985 victorem
556 1955 601 1984 36
615 1955 706 1983 6336
726 1938 928 1998 gloriari?
948 1937 1116 1982 Deinde
1133 1937 1168 1982 si
1179 1934 1289 1999 quid
1295 1939 1388 1998 jam
1409 1932 1608 1984 remanet
1624 1954 1728 1984 cum

329 2012 397 2056 his
426 2012 740 2066 Conflictionis,
765 2026 857 2054 non
883 2026 934 2054 ex
957 2025 1009 2054 6ο
1043 2019 1107 2054 est
1139 2008 1262 2070 quod
1289 2008 1464 2066 dicunt,
1489 2009 1604 2055 nihil·
1630 2009 1730 2062 sciri

331 2099 456 2144 posse
473 2119 484 2139 ,
518 2082 595 2128 sed
626 2097 680 2127 ex
700 2098 752 2127 eo
780 2080 903 2142 quod
923 2080 1036 2125 nulli
1064 2081 1127 2125 rei
1149 2078 1476 2126 assentiendum
1512 2096 1602 2126 6336
1624 2075 1729 2126 con*

332 2153 550 2199 tendunt:
571 2169 690 2198 nunc
711 2153 860 2214 itaque
881 2151 1118 2197 concordes
1137 2167 1302 2197 sumus.
1323 2154 1435 2198 Nam
1456 2160 1508 2196 ut
1525 2149 1652 2207 mihi',
1667 2152 1729 2196 ita

332 2226 463 2271 etiam
479 2225 562 2270 illis
584 2224 776 2280 videtur,
802 2224 1044 2284 sapientem
1064 2224 1173 2269 scire
1192 2222 1464 2284 sapientiam.
1480 2222 1566 2268 Sed
1581 2232 1729 2267 tamen

334 2296 389 2340 ab
406 2296 649 2341 assensione
668 2295 732 2340 illi
754 2293 1093 2355 temperandum
1113 2303 1310 2339 monent.
1335 2292 1485 2338 Videri
1505 2293 1624 2337 enim
1645 2293 1729 2338 sibi

336 2375 507 2411 tantum
543 2365 698 2411 dicunt
716 2385 725 2411 :
762 2365 870 2410 scire
906 2376 1055 2411 autem
1090 2364 1215 2410 nullo
1237 2363 1370 2410 modo
1398 2365 1522 2426 quasi
1556 2380 1637 2424 ego
1659 2379 1730 2409 mc

334 2438 442 2482 scire
465 2437 684 2497 profitear.
711 2436 820 2481 Mihi
840 2451 1020 2497 quoque
1042 2436 1180 2481 videri
1200 2435 1320 2481 istud
1341 2434 1468 2488 dico;
1491 2451 1590 2481 sum
1611 2435 1730 2480 enim

335 2509 495 2556 stultus
513 2545 524 2565 ,
539 2518 591 2554 ut
611 2509 742 2554 etiam
758 2508 840 2569 ipsi
857 2544 869 2564 ,
895 2508 929 2553 si
951 2507 1153 2553 nesciunt
1173 2508 1447 2568 sapientiam.
1466 2506 1723 2570 Approbare

383 2601 393 2616 ¹
411 2594 510 2635 Hujus
520 2591 583 2628 loci
599 2593 721 2629 mentio
737 2593 774 2627 fit
789 2592 846 2627 lib.
867 2605 903 2628 u.
925 2592 966 2628 de
984 2592 1109 2629 Ordine
1126 2603 1199 2636 cap.
1227 2592 1278 2628 15.
