1888 3168
697 241 751 268 DE
784 237 940 268 MUSICA
973 240 1056 267 Lm.
1093 241 1153 268 vr.
1545 227 1625 266 521

226 307 282 352 de
294 308 570 354 3611311311113
589 307 750 363 dicam,
770 305 911 351 multo
931 305 1126 351 faciliore
1143 305 1386 366 complexu
1408 305 1464 350 ad
1482 305 1630 350 unita—

225 389 314 424 tem
345 380 536 435 nitente,
563 389 606 424 et
628 388 752 424 tanto
776 377 1035 439 speciosiore
1057 378 1204 438 aquis,
1230 393 1368 438 quam
1390 376 1478 421 illae
1502 376 1627 421 terris

227 460 346 508 sunt,
372 461 587 512 tantoque
614 450 838 511 superiore
860 450 917 495 ad
938 448 1156 495 salutem?
1187 447 1306 503 Quid
1335 448 1390 493 de
1422 447 1525 493 coeli
1558 464 1632 493 su-

226 540 380 586 premo
409 525 604 581 ambitu,
629 540 719 586 quo
742 534 835 570 tota
854 523 1112 569 universitas
1133 520 1375 567 visibilium
1396 536 1634 582 corporum

226 598 503 654 terminatur,
529 607 574 642 et
594 613 766 642 summa
787 598 834 642 in
860 597 946 642 1106
969 611 1129 657 genere
1152 595 1338 656 species,
1364 610 1413 639 ac
1436 593 1635 640 saluber-

225 669 431 714 1111131061
449 667 731 714 excellentia?
748 671 833 713 Ista
851 678 969 714 certe
987 668 1264 729 omnia,quae
1279 666 1464 711 carnalis
1482 681 1632 711 sensus

224 741 465 785 ministerio
488 755 790 795 numeramus,
808 749 851 784 et
874 754 1168 801 quaecumque
1191 738 1237 782 in
1254 738 1313 782 eis
1336 746 1454 793 sunt,
1472 736 1633 782 locales

225 828 448 868 numeros,
474 811 551 873 qui
572 811 781 856 videntur
812 827 903 856 esse
935 812 981 855 in
1010 811 1160 872 aliquo
1195 819 1327 865 statu,
1360 809 1443 853 nisi
1466 824 1633 869 praece-

225 883 433 929 dentibus
460 883 625 928 intimis
654 892 697 927 et
720 883 766 927 in
792 882 964 928 silentio
982 882 1302 943 temporalibus
1314 880 1526 936 numeris,
1553 881 1631 942 qui

224 965 328 1001 sunt
363 956 409 1000 in
439 964 581 1011 motti,
614 970 695 999 nec
735 955 931 1015 accipere
968 954 1065 1000 illos
1103 963 1309 1015 possunt,
1336 969 1417 998 nec
1449 953 1629 997 habere.

225 1026 328 1072 Illos
346 1027 497 1072 itidem
519 1036 770 1086 temporum
791 1025 1031 1071 intervallis
1053 1026 1183 1085 agiles
1205 1024 1417 1086 praecedit
1434 1034 1478 1069 et
1494 1024 1636 1068 modi-

224 1099 326 1144 ficat
353 1099 495 1144 vitalis
512 1108 674 1154 motus,
701 1098 891 1143 serviens
914 1098 1101 1142 Domino
1123 1113 1270 1142 rerum
1290 1096 1514 1152 omnium,
1542 1112 1635 1142 non

224 1170 484 1232 temporalia
501 1170 667 1215 habens
685 1170 856 1230 digesta
874 1169 1105 1215 intervalla
1124 1184 1416 1216 numerorum
1432 1184 1631 1224 suorum,

223 1242 300 1288 sed
325 1252 520 1303 tempora
536 1242 811 1287 ministrante
829 1242 1027 1302 potentia
1040 1243 1052 1267 1
1067 1277 1077 1297 ,
1097 1258 1228 1302 supra
1247 1257 1382 1302 quam
1400 1240 1635 1285 rationales

224 1323 268 1358 et
288 1312 606 1358 intellectuales
629 1314 801 1358 numeri
824 1313 1056 1356 beatarum
1079 1314 1327 1356 animarum
1349 1321 1482 1372 atque
1507 1324 1636 1356 sanc-

224 1395 390 1440 tarum,
411 1385 555 1444 legem
577 1385 718 1445 ipsam
751 1383 851 1439 Dei,
878 1383 971 1428 sine
993 1399 1081 1444 qua
1105 1381 1263 1428 solium
1290 1384 1345 1427 de
1368 1383 1523 1427 arbore
1546 1399 1637 1428 non

223 1456 357 1513 cadit,
374 1465 418 1500 et
432 1456 504 1500 cui
522 1456 659 1500 nostri
682 1455 830 1516 capilli
854 1455 1074 1500 numerati
1094 1465 1213 1511 sunt,
1235 1454 1359 1500 nulla
1376 1455 1637 1515 interposita

223 1537 381 1573 natura
394 1527 675 1588 excipientes,
696 1542 837 1588 usque
855 1526 911 1572 ad
926 1536 1099 1572 terrena
1120 1537 1164 1572 et
1186 1526 1358 1572 inferna
1373 1528 1472 1588 jura
1491 1536 1636 1571 trans-

223 1600 424 1645 mittunt.

283 1673 401 1717 LIX.
418 1674 529 1726 Quae
546 1671 671 1731 potui
693 1680 736 1715 et
754 1671 866 1716 sicut
887 1671 1015 1730 potui
1037 1670 1094 1715 de
1116 1672 1248 1715 tantis
1271 1670 1469 1715 tantillus
1490 1680 1636 1716 tecum

224 1743 407 1789 contuli.
437 1745 694 1789 Sermonem
718 1751 866 1786 autem
888 1743 1009 1801 hunc
1044 1752 1245 1788 nostrum
1274 1742 1534 1787 mandatu-m
1560 1742 1636 1786 lit-
1692 1760 1697 1767 s

225 1815 326 1860 teris
358 1815 391 1859 si
423 1815 500 1875 qui
521 1814 690 1872 legunt,
716 1814 856 1859 sciant
891 1814 1033 1859 multo
1066 1814 1384 1859 infirmioribus
1418 1814 1512 1858 11366
1546 1830 1636 1858 esse

223 1887 400 1947 scripta,
426 1902 560 1948 quam
581 1895 684 1931 sunt
710 1885 774 1930 illi
796 1886 874 1947 qui
904 1887 1034 1931 unius
1057 1886 1218 1931 summi
1241 1886 1321 1931 Dei
1343 1886 1636 1930 consubstan-

224 1957 372 2003 tialem
392 1968 436 2003 et
452 1957 868 2003 incommutabilem
893 1958 1168 2014 Trinitatem,
1190 1974 1241 2002 ex
1257 1974 1347 2020 quo
1370 1958 1535 2014 01111113,
1560 1973 1638 2018 per

224 2046 358 2092 quem
397 2030 544 2076 omnia
558 2065 568 2085 ,
604 2030 651 2073 in
687 2045 776 2091 quo
821 2030 967 2074 omnia
1014 2029 1206 2075 duorum
1256 2033 1637 2075 Testamentorum

225 2103 532 2148 auctoritatem
564 2101 703 2146 secuti
726 2111 995 2146 venerantur
1017 2111 1061 2146 et
1091 2101 1246 2147 colunt
1270 2118 1365 2147 eam
1388 2101 1633 2159 credendo,

225 2174 441 2236 sperando
464 2184 508 2219 et
530 2173 770 2233 diligendo.
811 2175 867 2219 Hi
902 2175 1022 2218 enim
1055 2191 1147 2220 non
1180 2174 1521 2220 scintillantibus
1548 2176 1637 2219 1111-

224 2247 364 2291 manis
386 2246 815 2301 ratiocinationibus,
842 2246 919 2291 sed
940 2246 1207 2292 validissimo
1231 2256 1274 2292 et
1297 2248 1638 2307 flagrantissimo

227 2319 448 2365 charitatis
459 2320 561 2379 igne
578 2328 840 2380 purgantur.
856 2322 944 2365 Nos
958 2330 1107 2364 autem
1122 2320 1229 2365 dum
1243 2320 1529 2380 negligendos
1545 2336 1637 2365 esse

227 2407 317 2436 non
330 2391 640 2446 existimamus,
657 2406 766 2452 quos
778 2391 975 2436 haeretici
998 2392 1180 2437 rationis
1203 2401 1247 2436 et
1271 2392 1465 2436 scientiae
1489 2391 1636 2437 fallaci

227 2463 540 2525 pollicitatione
573 2463 824 2524 decipiunt,
868 2464 1031 2509 tardius
1070 2466 1339 2521 incedimus,
1377 2465 1633 2510 considera-

228 2537 347 2582 tione
369 2538 557 2597 ipsarum
581 2536 772 2593 viarum,
798 2553 933 2598 quarn
955 2539 1092 2584 sancti
1115 2539 1212 2594 viri,
1229 2539 1307 2599 qui
1332 2554 1403 2583 eas
1435 2536 1632 2584 volando

276 2628 284 2645 ¹
318 2633 330 2653 1
351 2623 496 2656 Retract.
519 2632 548 2655 c.
570 2633 604 2663 1,
624 2632 655 2654 n.
677 2621 709 2664 4.
