<?xml version="1.0" encoding="UTF-8"?>
<!DOCTYPE html PUBLIC "-//W3C//DTD XHTML 1.0 Transitional//EN"
    "http://www.w3.org/TR/xhtml1/DTD/xhtml1-transitional.dtd">
<html xmlns="http://www.w3.org/1999/xhtml" xml:lang="en" lang="en">
 <head>
  <title>
</title>
<meta http-equiv="Content-Type" content="text/html;charset=utf-8" />
  <meta name='ocr-system' content='tesseract 3.04.00' />
  <meta name='ocr-capabilities' content='ocr_page ocr_carea ocr_par ocr_line ocrx_word'/>
</head>
<body>
  <div class='ocr_page' id='page_1' title='image "./operaomniaaccura01auguuoft_0093.png"; bbox 0 0 1852 3163; ppageno 0'>
   <div class='ocr_carea' id='block_1_1' title="bbox 505 228 1560 264">
    <p class='ocr_par' dir='ltr' id='par_1_1' title="bbox 505 228 1560 264">
     <span class='ocr_line' id='line_1_1' title="bbox 505 228 1560 264; baseline 0.005 -5"><span class='ocrx_word' id='word_1_1' title='bbox 505 232 668 260; x_wconf 51' lang='lat' dir='ltr'>comum</span> <span class='ocrx_word' id='word_1_2' title='bbox 702 231 963 261; x_wconf 76' lang='lat' dir='ltr'>AcAnEMrcos</span> <span class='ocrx_word' id='word_1_3' title='bbox 996 235 1121 262; x_wconf 64' lang='lat' dir='ltr'>Lmen</span> <span class='ocrx_word' id='word_1_4' title='bbox 1153 237 1219 262; x_wconf 92' lang='grc' dir='ltr'><strong><em>ιιι.</em></strong></span> <span class='ocrx_word' id='word_1_5' title='bbox 1507 228 1560 264; x_wconf 73' lang='lat'>83</span> 
     </span>
    </p>
   </div>
   <div class='ocr_carea' id='block_1_2' title="bbox 117 295 1564 2598">
    <p class='ocr_par' dir='ltr' id='par_1_2' title="bbox 156 295 1562 502">
     <span class='ocr_line' id='line_1_2' title="bbox 159 295 1561 361; baseline 0.004 -21"><span class='ocrx_word' id='word_1_6' title='bbox 159 295 242 340; x_wconf 83' lang='lat' dir='ltr'>bus</span> <span class='ocrx_word' id='word_1_7' title='bbox 265 295 320 341; x_wconf 87' lang='lat' dir='ltr'>ab</span> <span class='ocrx_word' id='word_1_8' title='bbox 339 310 416 357; x_wconf 91' lang='lat' dir='ltr'>spe</span> <span class='ocrx_word' id='word_1_9' title='bbox 437 295 635 342; x_wconf 89' lang='lat' dir='ltr'>discendi</span> <span class='ocrx_word' id='word_1_10' title='bbox 651 296 867 343; x_wconf 89' lang='lat' dir='ltr'>studiosos</span> <span class='ocrx_word' id='word_1_11' title='bbox 890 299 1156 355; x_wconf 78' lang='lat' dir='ltr'>retraheres,</span> <span class='ocrx_word' id='word_1_12' title='bbox 1181 308 1233 344; x_wconf 91' lang='lat' dir='ltr'>ut</span> <span class='ocrx_word' id='word_1_13' title='bbox 1255 308 1400 345; x_wconf 91' lang='lat' dir='ltr'>totum</span> <span class='ocrx_word' id='word_1_14' title='bbox 1422 316 1561 361; x_wconf 80' lang='lat' dir='ltr'>nego-</span> 
     </span>
     <span class='ocr_line' id='line_1_3' title="bbox 157 367 1562 431; baseline 0.004 -19"><span class='ocrx_word' id='word_1_15' title='bbox 157 367 269 413; x_wconf 85' lang='lat' dir='ltr'><strong>tium</strong></span> <span class='ocrx_word' id='word_1_16' title='bbox 308 368 644 429; x_wconf 88' lang='lat' dir='ltr'>philosophandi</span> <span class='ocrx_word' id='word_1_17' title='bbox 701 369 939 431; x_wconf 83' lang='lat' dir='ltr'>adjuvante</span> <span class='ocrx_word' id='word_1_18' title='bbox 987 369 1182 431; x_wconf 89' lang='lat' dir='ltr'>quodam</span> <span class='ocrx_word' id='word_1_19' title='bbox 1231 370 1363 416; x_wconf 81' lang='lat' dir='ltr'>etiam</span> <span class='ocrx_word' id='word_1_20' title='bbox 1401 373 1562 419; x_wconf 87' lang='lat' dir='ltr'>mentis</span> 
     </span>
     <span class='ocr_line' id='line_1_4' title="bbox 156 439 983 502; baseline 0.002 -18"><span class='ocrx_word' id='word_1_21' title='bbox 156 439 483 500; x_wconf 86' lang='lat' dir='ltr'>ingemiscendo</span> <span class='ocrx_word' id='word_1_22' title='bbox 500 449 678 502; x_wconf 85' lang='lat' dir='ltr'>torpore</span> <span class='ocrx_word' id='word_1_23' title='bbox 699 441 983 487; x_wconf 79' lang='lat' dir='ltr'>desererent?</span> 
     </span>
    </p>

    <p class='ocr_par' dir='ltr' id='par_1_3' title="bbox 143 511 1564 1658">
     <span class='ocr_line' id='line_1_5' title="bbox 215 511 1561 575; baseline 0.004 -19"><span class='ocrx_word' id='word_1_24' title='bbox 215 514 339 557; x_wconf 69' lang='lat' dir='ltr'>xix.</span> <span class='ocrx_word' id='word_1_25' title='bbox 368 511 456 559; x_wconf 88' lang='lat' dir='ltr'>Sed</span> <span class='ocrx_word' id='word_1_26' title='bbox 475 513 702 575; x_wconf 92' lang='lat' dir='ltr'>quomodo</span> <span class='ocrx_word' id='word_1_27' title='bbox 726 513 855 572; x_wconf 82' lang='lat' dir='ltr'>illum</span> <span class='ocrx_word' id='word_1_28' title='bbox 880 529 973 558; x_wconf 89' lang='lat' dir='ltr'>non</span> <span class='ocrx_word' id='word_1_29' title='bbox 999 522 1292 574; x_wconf 87' lang='lat' dir='ltr'>permoveret,</span> <span class='ocrx_word' id='word_1_30' title='bbox 1321 513 1356 560; x_wconf 89' lang='lat' dir='ltr'>si</span> <span class='ocrx_word' id='word_1_31' title='bbox 1388 523 1432 560; x_wconf 86' lang='lat' dir='ltr'>et</span> <span class='ocrx_word' id='word_1_32' title='bbox 1448 516 1561 562; x_wconf 88' lang='lat' dir='ltr'>nihil</span> 
     </span>
     <span class='ocr_line' id='line_1_6' title="bbox 156 583 1562 650; baseline 0.004 -22"><span class='ocrx_word' id='word_1_33' title='bbox 156 583 243 629; x_wconf 89' lang='lat' dir='ltr'>tale</span> <span class='ocrx_word' id='word_1_34' title='bbox 263 584 451 630; x_wconf 88' lang='lat' dir='ltr'>inveniri</span> <span class='ocrx_word' id='word_1_35' title='bbox 471 594 632 646; x_wconf 89' lang='lat' dir='ltr'>potest,</span> <span class='ocrx_word' id='word_1_36' title='bbox 657 595 701 631; x_wconf 90' lang='lat' dir='ltr'>et</span> <span class='ocrx_word' id='word_1_37' title='bbox 724 585 807 630; x_wconf 88' lang='lat' dir='ltr'>nisi</span> <span class='ocrx_word' id='word_1_38' title='bbox 828 585 939 647; x_wconf 84' lang='lat' dir='ltr'>quid</span> <span class='ocrx_word' id='word_1_39' title='bbox 960 584 1048 630; x_wconf 90' lang='lat' dir='ltr'>tale</span> <span class='ocrx_word' id='word_1_40' title='bbox 1069 595 1150 643; x_wconf 90' lang='lat' dir='ltr'>est,</span> <span class='ocrx_word' id='word_1_41' title='bbox 1176 586 1343 648; x_wconf 85' lang='lat' dir='ltr'>percipi</span> <span class='ocrx_word' id='word_1_42' title='bbox 1364 603 1456 633; x_wconf 92' lang='lat' dir='ltr'>non</span> <span class='ocrx_word' id='word_1_43' title='bbox 1477 604 1562 650; x_wconf 93' lang='lat' dir='ltr'>po-</span> 
     </span>
     <span class='ocr_line' id='line_1_7' title="bbox 154 656 1564 721; baseline 0.004 -20"><span class='ocrx_word' id='word_1_44' title='bbox 154 658 266 702; x_wconf 79' lang='lat' dir='ltr'>test?</span> <span class='ocrx_word' id='word_1_45' title='bbox 293 658 389 702; x_wconf 89' lang='lat' dir='ltr'>Hoc</span> <span class='ocrx_word' id='word_1_46' title='bbox 412 657 447 702; x_wconf 92' lang='lat' dir='ltr'>si</span> <span class='ocrx_word' id='word_1_47' title='bbox 476 657 537 703; x_wconf 89' lang='lat' dir='ltr'>ita</span> <span class='ocrx_word' id='word_1_48' title='bbox 562 665 648 714; x_wconf 85' lang='lat' dir='ltr'>est,</span> <span class='ocrx_word' id='word_1_49' title='bbox 681 656 920 703; x_wconf 88' lang='lat' dir='ltr'>dicendum</span> <span class='ocrx_word' id='word_1_50' title='bbox 944 657 1092 718; x_wconf 89' lang='lat' dir='ltr'>potius</span> <span class='ocrx_word' id='word_1_51' title='bbox 1119 667 1213 704; x_wconf 90' lang='lat' dir='ltr'>erat</span> <span class='ocrx_word' id='word_1_52' title='bbox 1241 674 1333 704; x_wconf 90' lang='lat' dir='ltr'>non</span> <span class='ocrx_word' id='word_1_53' title='bbox 1358 675 1485 721; x_wconf 90' lang='lat' dir='ltr'>posse</span> <span class='ocrx_word' id='word_1_54' title='bbox 1515 660 1564 707; x_wconf 91' lang='lat' dir='ltr'>in</span> 
     </span>
     <span class='ocr_line' id='line_1_8' title="bbox 153 728 1562 792; baseline 0.004 -19"><span class='ocrx_word' id='word_1_55' title='bbox 153 728 382 774; x_wconf 89' lang='lat' dir='ltr'>hominem</span> <span class='ocrx_word' id='word_1_56' title='bbox 402 729 854 791; x_wconf 88' lang='lat' dir='ltr'>cadere-sapientiam,</span> <span class='ocrx_word' id='word_1_57' title='bbox 877 745 1014 792; x_wconf 90' lang='lat' dir='ltr'>quam</span> <span class='ocrx_word' id='word_1_58' title='bbox 1034 731 1276 791; x_wconf 82' lang='lat' dir='ltr'>sapientem</span> <span class='ocrx_word' id='word_1_59' title='bbox 1293 731 1462 778; x_wconf 88' lang='lat' dir='ltr'>nescire</span> <span class='ocrx_word' id='word_1_60' title='bbox 1483 749 1562 778; x_wconf 91' lang='lat' dir='ltr'>cur</span> 
     </span>
     <span class='ocr_line' id='line_1_9' title="bbox 152 799 1560 864; baseline 0.004 -19"><span class='ocrx_word' id='word_1_61' title='bbox 152 799 288 857; x_wconf 88' lang='lat' dir='ltr'>vivat,</span> <span class='ocrx_word' id='word_1_62' title='bbox 309 803 475 848; x_wconf 87' lang='lat' dir='ltr'>nescire</span> <span class='ocrx_word' id='word_1_63' title='bbox 498 801 875 864; x_wconf 80' lang='lat' dir='ltr'>quemadmodum</span> <span class='ocrx_word' id='word_1_64' title='bbox 897 802 1032 859; x_wconf 83' lang='lat' dir='ltr'>vivat,</span> <span class='ocrx_word' id='word_1_65' title='bbox 1057 802 1224 848; x_wconf 88' lang='lat' dir='ltr'>nescire</span> <span class='ocrx_word' id='word_1_66' title='bbox 1238 812 1391 849; x_wconf 88' lang='lat' dir='ltr'>utrum</span> <span class='ocrx_word' id='word_1_67' title='bbox 1412 804 1560 863; x_wconf 84' lang='lat' dir='ltr'>vivat3</span> 
     </span>
     <span class='ocr_line' id='line_1_10' title="bbox 152 874 1563 937; baseline 0.003 -19"><span class='ocrx_word' id='word_1_68' title='bbox 152 882 374 933; x_wconf 87' lang='lat' dir='ltr'>postremo</span> <span class='ocrx_word' id='word_1_69' title='bbox 391 911 401 931; x_wconf 88' lang='lat'>,</span> <span class='ocrx_word' id='word_1_70' title='bbox 427 891 517 936; x_wconf 87' lang='lat' dir='ltr'>quo</span> <span class='ocrx_word' id='word_1_71' title='bbox 545 874 790 936; x_wconf 89' lang='lat' dir='ltr'>perversius</span> <span class='ocrx_word' id='word_1_72' title='bbox 813 874 1040 937; x_wconf 81' lang='lat' dir='ltr'>magisque</span> <span class='ocrx_word' id='word_1_73' title='bbox 1062 875 1252 921; x_wconf 88' lang='lat' dir='ltr'>delirum</span> <span class='ocrx_word' id='word_1_74' title='bbox 1282 886 1325 921; x_wconf 88' lang='lat' dir='ltr'>et</span> <span class='ocrx_word' id='word_1_75' title='bbox 1358 877 1563 922; x_wconf 90' lang='lat' dir='ltr'>insanum</span> 
     </span>
     <span class='ocr_line' id='line_1_11' title="bbox 153 944 1564 1009; baseline 0.004 -20"><span class='ocrx_word' id='word_1_76' title='bbox 153 944 240 990; x_wconf 91' lang='lat' dir='ltr'>dici</span> <span class='ocrx_word' id='word_1_77' title='bbox 262 946 373 991; x_wconf 86' lang='lat' dir='ltr'>nihil</span> <span class='ocrx_word' id='word_1_78' title='bbox 392 956 553 1008; x_wconf 88' lang='lat' dir='ltr'>potest,</span> <span class='ocrx_word' id='word_1_79' title='bbox 579 946 709 992; x_wconf 90' lang='lat' dir='ltr'>simul</span> <span class='ocrx_word' id='word_1_80' title='bbox 731 956 775 991; x_wconf 88' lang='lat' dir='ltr'>et</span> <span class='ocrx_word' id='word_1_81' title='bbox 797 947 1040 1007; x_wconf 82' lang='lat' dir='ltr'>sapientem</span> <span class='ocrx_word' id='word_1_82' title='bbox 1064 963 1177 1004; x_wconf 89' lang='lat' dir='ltr'>esse,</span> <span class='ocrx_word' id='word_1_83' title='bbox 1203 957 1247 993; x_wconf 90' lang='lat' dir='ltr'>et</span> <span class='ocrx_word' id='word_1_84' title='bbox 1268 948 1472 1009; x_wconf 83' lang='lat' dir='ltr'>ignorare</span> <span class='ocrx_word' id='word_1_85' title='bbox 1494 966 1564 995; x_wconf 89' lang='lat' dir='ltr'>sa-</span> 
     </span>
     <span class='ocr_line' id='line_1_12' title="bbox 150 1016 1564 1081; baseline 0.005 -21"><span class='ocrx_word' id='word_1_86' title='bbox 150 1016 378 1077; x_wconf 87' lang='lat' dir='ltr'>pientiam.</span> <span class='ocrx_word' id='word_1_87' title='bbox 405 1018 523 1073; x_wconf 86' lang='lat' dir='ltr'>Quid</span> <span class='ocrx_word' id='word_1_88' title='bbox 543 1020 661 1063; x_wconf 87' lang='lat' dir='ltr'>enim</span> <span class='ocrx_word' id='word_1_89' title='bbox 680 1027 743 1064; x_wconf 85' lang='lat' dir='ltr'>est</span> <span class='ocrx_word' id='word_1_90' title='bbox 766 1018 937 1074; x_wconf 87' lang='lat' dir='ltr'>durius,</span> <span class='ocrx_word' id='word_1_91' title='bbox 963 1019 1189 1063; x_wconf 89' lang='lat' dir='ltr'>hominem</span> <span class='ocrx_word' id='word_1_92' title='bbox 1211 1036 1302 1065; x_wconf 89' lang='lat' dir='ltr'>non</span> <span class='ocrx_word' id='word_1_93' title='bbox 1326 1036 1451 1081; x_wconf 89' lang='lat' dir='ltr'>posse</span> <span class='ocrx_word' id='word_1_94' title='bbox 1472 1037 1564 1067; x_wconf 86' lang='lat' dir='ltr'>esse</span> 
     </span>
     <span class='ocr_line' id='line_1_13' title="bbox 149 1090 1564 1152; baseline 0.004 -19"><span class='ocrx_word' id='word_1_95' title='bbox 149 1090 410 1150; x_wconf 77' lang='lat' dir='ltr'>sapientem,</span> <span class='ocrx_word' id='word_1_96' title='bbox 449 1108 504 1136; x_wconf 90' lang='lat' dir='ltr'>an</span> <span class='ocrx_word' id='word_1_97' title='bbox 527 1092 770 1152; x_wconf 82' lang='lat' dir='ltr'>sapientem</span> <span class='ocrx_word' id='word_1_98' title='bbox 796 1090 964 1136; x_wconf 90' lang='lat' dir='ltr'>nescire</span> <span class='ocrx_word' id='word_1_99' title='bbox 987 1091 1272 1152; x_wconf 74' lang='lat' dir='ltr'>sapientiam?</span> <span class='ocrx_word' id='word_1_100' title='bbox 1310 1093 1429 1139; x_wconf 88' lang='lat' dir='ltr'>Nihil</span> <span class='ocrx_word' id='word_1_101' title='bbox 1460 1095 1564 1139; x_wconf 88' lang='lat' dir='ltr'>hinc</span> 
     </span>
     <span class='ocr_line' id='line_1_14' title="bbox 149 1161 1562 1225; baseline 0.004 -19"><span class='ocrx_word' id='word_1_102' title='bbox 149 1161 468 1224; x_wconf 86' lang='lat' dir='ltr'>disputandum</span> <span class='ocrx_word' id='word_1_103' title='bbox 490 1174 571 1222; x_wconf 87' lang='lat' dir='ltr'>est,</span> <span class='ocrx_word' id='word_1_104' title='bbox 592 1166 626 1210; x_wconf 91' lang='lat' dir='ltr'>si</span> <span class='ocrx_word' id='word_1_105' title='bbox 644 1181 711 1209; x_wconf 88' lang='lat' dir='ltr'>res</span> <span class='ocrx_word' id='word_1_106' title='bbox 735 1165 826 1225; x_wconf 90' lang='lat' dir='ltr'>ipsa</span> <span class='ocrx_word' id='word_1_107' title='bbox 843 1165 903 1209; x_wconf 90' lang='lat' dir='ltr'>ita</span> <span class='ocrx_word' id='word_1_108' title='bbox 925 1164 1067 1225; x_wconf 91' lang='lat' dir='ltr'>posita</span> <span class='ocrx_word' id='word_1_109' title='bbox 1090 1165 1192 1209; x_wconf 87' lang='lat' dir='ltr'>satis</span> <span class='ocrx_word' id='word_1_110' title='bbox 1213 1181 1305 1210; x_wconf 91' lang='lat' dir='ltr'>non</span> <span class='ocrx_word' id='word_1_111' title='bbox 1332 1176 1396 1211; x_wconf 87' lang='lat' dir='ltr'>est</span> <span class='ocrx_word' id='word_1_112' title='bbox 1417 1166 1472 1211; x_wconf 90' lang='lat' dir='ltr'>ad</span> <span class='ocrx_word' id='word_1_113' title='bbox 1491 1167 1562 1211; x_wconf 90' lang='lat' dir='ltr'>di-</span> 
     </span>
     <span class='ocr_line' id='line_1_15' title="bbox 143 1234 1560 1298; baseline 0.003 -18"><span class='ocrx_word' id='word_1_114' title='bbox 143 1234 450 1297; x_wconf 85' lang='lat' dir='ltr'>judicandum.</span> <span class='ocrx_word' id='word_1_115' title='bbox 487 1237 572 1283; x_wconf 86' lang='lat' dir='ltr'>Sed</span> <span class='ocrx_word' id='word_1_116' title='bbox 604 1237 718 1282; x_wconf 90' lang='lat' dir='ltr'>illud</span> <span class='ocrx_word' id='word_1_117' title='bbox 740 1236 855 1282; x_wconf 87' lang='lat' dir='ltr'>forte</span> <span class='ocrx_word' id='word_1_118' title='bbox 883 1237 918 1281; x_wconf 90' lang='lat' dir='ltr'>si</span> <span class='ocrx_word' id='word_1_119' title='bbox 947 1236 1185 1294; x_wconf 78' lang='lat' dir='ltr'>diceretur,</span> <span class='ocrx_word' id='word_1_120' title='bbox 1210 1237 1387 1298; x_wconf 90' lang='lat' dir='ltr'>penitus</span> <span class='ocrx_word' id='word_1_121' title='bbox 1411 1239 1560 1284; x_wconf 88' lang='lat' dir='ltr'>homi-</span> 
     </span>
     <span class='ocr_line' id='line_1_16' title="bbox 149 1309 1558 1370; baseline 0.002 -17"><span class='ocrx_word' id='word_1_122' title='bbox 149 1323 226 1354; x_wconf 87' lang='lat' dir='ltr'>nes</span> <span class='ocrx_word' id='word_1_123' title='bbox 249 1325 273 1354; x_wconf 89' lang='lat' dir='ltr'>a</span> <span class='ocrx_word' id='word_1_124' title='bbox 294 1309 650 1370; x_wconf 85' lang='lat' dir='ltr'>philosophando</span> <span class='ocrx_word' id='word_1_125' title='bbox 674 1318 977 1354; x_wconf 84' lang='lat' dir='ltr'>averterentur</span> <span class='ocrx_word' id='word_1_126' title='bbox 1008 1328 1017 1354; x_wconf 79' lang='lat' dir='ltr'><em>z</em></span> <span class='ocrx_word' id='word_1_127' title='bbox 1043 1325 1164 1354; x_wconf 90' lang='lat' dir='ltr'>nunc</span> <span class='ocrx_word' id='word_1_128' title='bbox 1186 1325 1291 1355; x_wconf 89' lang='lat' dir='ltr'>vero</span> <span class='ocrx_word' id='word_1_129' title='bbox 1315 1310 1558 1356; x_wconf 85' lang='lat' dir='ltr'>inducendi</span> 
     </span>
     <span class='ocr_line' id='line_1_17' title="bbox 148 1379 1560 1442; baseline 0.003 -18"><span class='ocrx_word' id='word_1_130' title='bbox 148 1389 253 1425; x_wconf 82' lang='lat' dir='ltr'>sunt</span> <span class='ocrx_word' id='word_1_131' title='bbox 271 1381 497 1442; x_wconf 81' lang='lat' dir='ltr'>sapientiae</span> <span class='ocrx_word' id='word_1_132' title='bbox 515 1379 769 1426; x_wconf 88' lang='lat' dir='ltr'>dulcissimo</span> <span class='ocrx_word' id='word_1_133' title='bbox 792 1397 842 1426; x_wconf 88' lang='lat' dir='ltr'>ac</span> <span class='ocrx_word' id='word_1_134' title='bbox 868 1379 1141 1425; x_wconf 86' lang='lat' dir='ltr'>sanctissimo</span> <span class='ocrx_word' id='word_1_135' title='bbox 1159 1381 1356 1438; x_wconf 80' lang='lat' dir='ltr'>nomine,</span> <span class='ocrx_word' id='word_1_136' title='bbox 1383 1391 1433 1427; x_wconf 89' lang='lat' dir='ltr'>ut</span> <span class='ocrx_word' id='word_1_137' title='bbox 1456 1398 1560 1428; x_wconf 88' lang='lat' dir='ltr'>cum</span> 
     </span>
     <span class='ocr_line' id='line_1_18' title="bbox 146 1451 1558 1514; baseline 0.003 -17"><span class='ocrx_word' id='word_1_138' title='bbox 146 1452 336 1498; x_wconf 82' lang='lat' dir='ltr'>contrita</span> <span class='ocrx_word' id='word_1_139' title='bbox 358 1461 488 1498; x_wconf 80' lang='lat' dir='ltr'>aetate</span> <span class='ocrx_word' id='word_1_140' title='bbox 509 1451 621 1498; x_wconf 90' lang='lat' dir='ltr'>nihil</span> <span class='ocrx_word' id='word_1_141' title='bbox 645 1451 904 1509; x_wconf 81' lang='lat' dir='ltr'>didicerint,</span> <span class='ocrx_word' id='word_1_142' title='bbox 932 1461 1084 1514; x_wconf 88' lang='lat' dir='ltr'>postea</span> <span class='ocrx_word' id='word_1_143' title='bbox 1106 1461 1151 1497; x_wconf 87' lang='lat' dir='ltr'>te</span> <span class='ocrx_word' id='word_1_144' title='bbox 1173 1453 1355 1499; x_wconf 91' lang='lat' dir='ltr'>summis</span> <span class='ocrx_word' id='word_1_145' title='bbox 1378 1470 1558 1500; x_wconf 86' lang='lat' dir='ltr'>execra-</span> 
     </span>
     <span class='ocr_line' id='line_1_19' title="bbox 146 1523 1558 1588; baseline 0.004 -19"><span class='ocrx_word' id='word_1_146' title='bbox 146 1523 343 1570; x_wconf 86' lang='lat' dir='ltr'>tionibus</span> <span class='ocrx_word' id='word_1_147' title='bbox 364 1534 709 1587; x_wconf 80' lang='lat' dir='ltr'>prosequantur,</span> <span class='ocrx_word' id='word_1_148' title='bbox 732 1530 867 1587; x_wconf 78' lang='lat' dir='ltr'>qiiem</span> <span class='ocrx_word' id='word_1_149' title='bbox 890 1524 1053 1570; x_wconf 79' lang='lat' dir='ltr'>refictis</span> <span class='ocrx_word' id='word_1_150' title='bbox 1075 1524 1231 1570; x_wconf 89' lang='lat' dir='ltr'>saltem</span> <span class='ocrx_word' id='word_1_151' title='bbox 1253 1525 1558 1588; x_wconf 88' lang='lat' dir='ltr'>voluptatibus</span> 
     </span>
     <span class='ocr_line' id='line_1_20' title="bbox 145 1596 1141 1658; baseline -0.001 -16"><span class='ocrx_word' id='word_1_152' title='bbox 145 1597 362 1658; x_wconf 86' lang='lat' dir='ltr'>corporis,</span> <span class='ocrx_word' id='word_1_153' title='bbox 388 1596 446 1643; x_wconf 90' lang='lat' dir='ltr'>ad</span> <span class='ocrx_word' id='word_1_154' title='bbox 463 1597 597 1643; x_wconf 90' lang='lat' dir='ltr'>animi</span> <span class='ocrx_word' id='word_1_155' title='bbox 619 1606 840 1643; x_wconf 76' lang='lat' dir='ltr'>tormenta</span> <span class='ocrx_word' id='word_1_156' title='bbox 860 1606 967 1643; x_wconf 90' lang='lat' dir='ltr'>sunt</span> <span class='ocrx_word' id='word_1_157' title='bbox 987 1597 1141 1643; x_wconf 88' lang='lat' dir='ltr'>secuti.</span> 
     </span>
    </p>

    <p class='ocr_par' dir='ltr' id='par_1_4' title="bbox 117 1668 1558 2598">
     <span class='ocr_line' id='line_1_21' title="bbox 200 1668 1556 1732; baseline 0.003 -18"><span class='ocrx_word' id='word_1_158' title='bbox 200 1671 302 1715; x_wconf 86' lang='lat' dir='ltr'>XX.</span> <span class='ocrx_word' id='word_1_159' title='bbox 341 1669 428 1716; x_wconf 89' lang='lat' dir='ltr'>Sed</span> <span class='ocrx_word' id='word_1_160' title='bbox 448 1669 675 1716; x_wconf 85' lang='lat' dir='ltr'>videamus</span> <span class='ocrx_word' id='word_1_161' title='bbox 698 1686 777 1731; x_wconf 90' lang='lat' dir='ltr'>per</span> <span class='ocrx_word' id='word_1_162' title='bbox 803 1686 938 1732; x_wconf 89' lang='lat' dir='ltr'>quem</span> <span class='ocrx_word' id='word_1_163' title='bbox 959 1670 1106 1731; x_wconf 89' lang='lat' dir='ltr'>potius</span> <span class='ocrx_word' id='word_1_164' title='bbox 1129 1686 1153 1714; x_wconf 88' lang='lat' dir='ltr'>a</span> <span class='ocrx_word' id='word_1_165' title='bbox 1174 1668 1452 1732; x_wconf 78' lang='lat' dir='ltr'>philosophia</span> <span class='ocrx_word' id='word_1_166' title='bbox 1474 1672 1556 1718; x_wconf 90' lang='lat' dir='ltr'>de-</span> 
     </span>
     <span class='ocr_line' id='line_1_22' title="bbox 145 1741 1556 1804; baseline 0.004 -18"><span class='ocrx_word' id='word_1_167' title='bbox 145 1749 409 1788; x_wconf 87' lang='lat' dir='ltr'>terreantur.</span> <span class='ocrx_word' id='word_1_168' title='bbox 434 1746 518 1787; x_wconf 91' lang='lat' dir='ltr'>Per</span> <span class='ocrx_word' id='word_1_169' title='bbox 534 1758 718 1787; x_wconf 91' lang='lat' dir='ltr'>eum-ne</span> <span class='ocrx_word' id='word_1_170' title='bbox 733 1742 810 1804; x_wconf 88' lang='lat' dir='ltr'>qui</span> <span class='ocrx_word' id='word_1_171' title='bbox 833 1741 1017 1787; x_wconf 84' lang='lat' dir='ltr'>dixerit:</span> <span class='ocrx_word' id='word_1_172' title='bbox 1033 1741 1167 1799; x_wconf 87' lang='lat' dir='ltr'>Audi,</span> <span class='ocrx_word' id='word_1_173' title='bbox 1183 1742 1337 1799; x_wconf 85' lang='lat' dir='ltr'>amice,</span> <span class='ocrx_word' id='word_1_174' title='bbox 1355 1743 1556 1804; x_wconf 87' lang='lat' dir='ltr'>philoso-</span> 
     </span>
     <span class='ocr_line' id='line_1_23' title="bbox 146 1814 1552 1875; baseline 0.003 -16"><span class='ocrx_word' id='word_1_175' title='bbox 146 1814 252 1874; x_wconf 91' lang='lat' dir='ltr'>phia</span> <span class='ocrx_word' id='word_1_176' title='bbox 273 1830 365 1860; x_wconf 93' lang='lat' dir='ltr'>non</span> <span class='ocrx_word' id='word_1_177' title='bbox 386 1815 478 1875; x_wconf 90' lang='lat' dir='ltr'>ipsa</span> <span class='ocrx_word' id='word_1_178' title='bbox 499 1814 714 1875; x_wconf 87' lang='lat' dir='ltr'>sapientia</span> <span class='ocrx_word' id='word_1_179' title='bbox 730 1850 741 1871; x_wconf 94' lang='lat'>,</span> <span class='ocrx_word' id='word_1_180' title='bbox 765 1814 843 1860; x_wconf 90' lang='lat' dir='ltr'>sed</span> <span class='ocrx_word' id='word_1_181' title='bbox 869 1814 1068 1859; x_wconf 90' lang='lat' dir='ltr'>studium</span> <span class='ocrx_word' id='word_1_182' title='bbox 1093 1815 1320 1875; x_wconf 81' lang='lat' dir='ltr'>sapientiae</span> <span class='ocrx_word' id='word_1_183' title='bbox 1339 1831 1525 1862; x_wconf 85' lang='lat' dir='ltr'>vocatur</span> <span class='ocrx_word' id='word_1_184' title='bbox 1540 1853 1552 1875; x_wconf 94' lang='lat'>,</span> 
     </span>
     <span class='ocr_line' id='line_1_24' title="bbox 145 1885 1558 1950; baseline 0.003 -19"><span class='ocrx_word' id='word_1_185' title='bbox 145 1885 201 1931; x_wconf 82' lang='lat' dir='ltr'>ad</span> <span class='ocrx_word' id='word_1_186' title='bbox 214 1902 349 1948; x_wconf 90' lang='lat' dir='ltr'>quam</span> <span class='ocrx_word' id='word_1_187' title='bbox 370 1895 414 1931; x_wconf 91' lang='lat' dir='ltr'>te</span> <span class='ocrx_word' id='word_1_188' title='bbox 429 1886 463 1931; x_wconf 91' lang='lat' dir='ltr'>si</span> <span class='ocrx_word' id='word_1_189' title='bbox 475 1885 732 1942; x_wconf 88' lang='lat' dir='ltr'>contuleris,</span> <span class='ocrx_word' id='word_1_190' title='bbox 749 1901 842 1931; x_wconf 91' lang='lat' dir='ltr'>non</span> <span class='ocrx_word' id='word_1_191' title='bbox 853 1885 1035 1947; x_wconf 90' lang='lat' dir='ltr'>quidem</span> <span class='ocrx_word' id='word_1_192' title='bbox 1053 1885 1160 1930; x_wconf 89' lang='lat' dir='ltr'>dum</span> <span class='ocrx_word' id='word_1_193' title='bbox 1178 1886 1249 1931; x_wconf 88' lang='lat' dir='ltr'>hic</span> <span class='ocrx_word' id='word_1_194' title='bbox 1263 1886 1371 1933; x_wconf 81' lang='lat' dir='ltr'>vivis</span> <span class='ocrx_word' id='word_1_195' title='bbox 1386 1889 1558 1950; x_wconf 89' lang='lat' dir='ltr'>sapiens</span> 
     </span>
     <span class='ocr_line' id='line_1_25' title="bbox 145 1958 1557 2021; baseline 0.004 -17"><span class='ocrx_word' id='word_1_196' title='bbox 145 1960 228 2005; x_wconf 89' lang='lat' dir='ltr'>eris</span> <span class='ocrx_word' id='word_1_197' title='bbox 250 1963 265 2017; x_wconf 87' lang='lat'><strong>(</strong></span> <span class='ocrx_word' id='word_1_198' title='bbox 285 1969 350 2005; x_wconf 89' lang='lat' dir='ltr'>est</span> <span class='ocrx_word' id='word_1_199' title='bbox 372 1959 491 2004; x_wconf 91' lang='lat' dir='ltr'>enim</span> <span class='ocrx_word' id='word_1_200' title='bbox 516 1958 637 2020; x_wconf 83' lang='lat' dir='ltr'>apud</span> <span class='ocrx_word' id='word_1_201' title='bbox 665 1962 811 2004; x_wconf 90' lang='lat' dir='ltr'>Deum</span> <span class='ocrx_word' id='word_1_202' title='bbox 834 1959 1068 2020; x_wconf 87' lang='lat' dir='ltr'>sapientia,</span> <span class='ocrx_word' id='word_1_203' title='bbox 1095 1975 1177 2005; x_wconf 90' lang='lat' dir='ltr'>nec</span> <span class='ocrx_word' id='word_1_204' title='bbox 1205 1962 1440 2021; x_wconf 88' lang='lat' dir='ltr'>provenire</span> <span class='ocrx_word' id='word_1_205' title='bbox 1472 1963 1557 2009; x_wconf 93' lang='lat' dir='ltr'>ho-</span> 
     </span>
     <span class='ocr_line' id='line_1_26' title="bbox 117 2029 1553 2096; baseline 0.003 -21"><span class='ocrx_word' id='word_1_206' title='bbox 117 2041 120 2044; x_wconf 84' lang='grc'><strong><em>’</em></strong></span> <span class='ocrx_word' id='word_1_207' title='bbox 144 2030 254 2076; x_wconf 89' lang='lat' dir='ltr'>mini</span> <span class='ocrx_word' id='word_1_208' title='bbox 275 2040 421 2092; x_wconf 87' lang='lat' dir='ltr'>potest</span> <span class='ocrx_word' id='word_1_209' title='bbox 443 2032 461 2091; x_wconf 80' lang='lat'><em>)</em></span> <span class='ocrx_word' id='word_1_210' title='bbox 483 2029 561 2076; x_wconf 90' lang='lat' dir='ltr'>sed</span> <span class='ocrx_word' id='word_1_211' title='bbox 573 2046 675 2076; x_wconf 90' lang='lat' dir='ltr'>cum</span> <span class='ocrx_word' id='word_1_212' title='bbox 699 2039 743 2075; x_wconf 90' lang='lat' dir='ltr'>te</span> <span class='ocrx_word' id='word_1_213' title='bbox 766 2029 845 2076; x_wconf 91' lang='lat' dir='ltr'>tali</span> <span class='ocrx_word' id='word_1_214' title='bbox 863 2030 1011 2076; x_wconf 89' lang='lat' dir='ltr'>studio</span> <span class='ocrx_word' id='word_1_215' title='bbox 1034 2032 1135 2076; x_wconf 90' lang='lat' dir='ltr'>satis</span> <span class='ocrx_word' id='word_1_216' title='bbox 1158 2033 1401 2078; x_wconf 81' lang='lat' dir='ltr'>exercueris</span> <span class='ocrx_word' id='word_1_217' title='bbox 1419 2043 1553 2096; x_wconf 88' lang='lat' dir='ltr'>atque</span> 
     </span>
     <span class='ocr_line' id='line_1_27' title="bbox 145 2102 1554 2164; baseline 0.004 -16"><span class='ocrx_word' id='word_1_218' title='bbox 145 2102 443 2160; x_wconf 83' lang='lat' dir='ltr'>mundaveris,</span> <span class='ocrx_word' id='word_1_219' title='bbox 470 2103 643 2148; x_wconf 86' lang='lat' dir='ltr'>animus</span> <span class='ocrx_word' id='word_1_220' title='bbox 657 2112 760 2148; x_wconf 89' lang='lat' dir='ltr'>tuus</span> <span class='ocrx_word' id='word_1_221' title='bbox 774 2119 824 2148; x_wconf 91' lang='lat' dir='ltr'>ea</span> <span class='ocrx_word' id='word_1_222' title='bbox 845 2112 946 2164; x_wconf 88' lang='lat' dir='ltr'>post</span> <span class='ocrx_word' id='word_1_223' title='bbox 966 2104 1082 2149; x_wconf 90' lang='lat' dir='ltr'>hanc</span> <span class='ocrx_word' id='word_1_224' title='bbox 1099 2104 1258 2160; x_wconf 85' lang='lat' dir='ltr'>vitam,</span> <span class='ocrx_word' id='word_1_225' title='bbox 1279 2103 1326 2150; x_wconf 90' lang='lat' dir='ltr'>id</span> <span class='ocrx_word' id='word_1_226' title='bbox 1345 2115 1424 2162; x_wconf 87' lang='lat' dir='ltr'>est,</span> <span class='ocrx_word' id='word_1_227' title='bbox 1449 2123 1554 2153; x_wconf 90' lang='lat' dir='ltr'>cum</span> 
     </span>
     <span class='ocr_line' id='line_1_28' title="bbox 145 2173 1554 2240; baseline 0.004 -20"><span class='ocrx_word' id='word_1_228' title='bbox 145 2175 280 2221; x_wconf 92' lang='lat' dir='ltr'>homo</span> <span class='ocrx_word' id='word_1_229' title='bbox 307 2191 399 2220; x_wconf 89' lang='lat' dir='ltr'>esse</span> <span class='ocrx_word' id='word_1_230' title='bbox 426 2174 605 2220; x_wconf 89' lang='lat' dir='ltr'>desieris</span> <span class='ocrx_word' id='word_1_231' title='bbox 621 2211 632 2232; x_wconf 86' lang='lat'>,</span> <span class='ocrx_word' id='word_1_232' title='bbox 663 2173 794 2219; x_wconf 76' lang='lat' dir='ltr'>facile</span> <span class='ocrx_word' id='word_1_233' title='bbox 821 2173 1105 2235; x_wconf 78' lang='lat' dir='ltr'>perfruetur?</span> <span class='ocrx_word' id='word_1_234' title='bbox 1137 2178 1208 2220; x_wconf 84' lang='lat' dir='ltr'>An</span> <span class='ocrx_word' id='word_1_235' title='bbox 1241 2192 1321 2237; x_wconf 89' lang='lat' dir='ltr'>per</span> <span class='ocrx_word' id='word_1_236' title='bbox 1351 2193 1454 2222; x_wconf 88' lang='lat' dir='ltr'>eum</span> <span class='ocrx_word' id='word_1_237' title='bbox 1475 2179 1554 2240; x_wconf 88' lang='lat' dir='ltr'>qui</span> 
     </span>
     <span class='ocr_line' id='line_1_29' title="bbox 146 2246 1555 2309; baseline 0.003 -17"><span class='ocrx_word' id='word_1_238' title='bbox 146 2246 515 2304; x_wconf 72' lang='lat' dir='ltr'>dixeritzVenite,</span> <span class='ocrx_word' id='word_1_239' title='bbox 545 2246 768 2303; x_wconf 85' lang='lat' dir='ltr'>mortales,</span> <span class='ocrx_word' id='word_1_240' title='bbox 802 2246 860 2292; x_wconf 89' lang='lat' dir='ltr'>ad</span> <span class='ocrx_word' id='word_1_241' title='bbox 890 2246 1232 2308; x_wconf 85' lang='lat' dir='ltr'>philosophiam,</span> <span class='ocrx_word' id='word_1_242' title='bbox 1258 2264 1445 2309; x_wconf 82' lang='lat' dir='ltr'>magnus</span> <span class='ocrx_word' id='word_1_243' title='bbox 1481 2250 1555 2297; x_wconf 87' lang='lat' dir='ltr'>hic</span> 
     </span>
     <span class='ocr_line' id='line_1_30' title="bbox 144 2318 1552 2380; baseline 0.002 -16"><span class='ocrx_word' id='word_1_244' title='bbox 144 2318 317 2365; x_wconf 87' lang='lat' dir='ltr'>fructus</span> <span class='ocrx_word' id='word_1_245' title='bbox 338 2327 418 2364; x_wconf 86' lang='lat' dir='ltr'>est.</span> <span class='ocrx_word' id='word_1_246' title='bbox 457 2318 575 2374; x_wconf 89' lang='lat' dir='ltr'>Quid</span> <span class='ocrx_word' id='word_1_247' title='bbox 592 2318 711 2364; x_wconf 89' lang='lat' dir='ltr'>enim</span> <span class='ocrx_word' id='word_1_248' title='bbox 737 2318 907 2364; x_wconf 85' lang='lat' dir='ltr'>homini</span> <span class='ocrx_word' id='word_1_249' title='bbox 931 2319 1145 2380; x_wconf 89' lang='lat' dir='ltr'>sapientia</span> <span class='ocrx_word' id='word_1_250' title='bbox 1166 2320 1370 2365; x_wconf 79' lang='lat' dir='ltr'>charius?</span> <span class='ocrx_word' id='word_1_251' title='bbox 1393 2322 1552 2367; x_wconf 90' lang='lat' dir='ltr'>Venite</span> 
     </span>
     <span class='ocr_line' id='line_1_31' title="bbox 144 2392 1553 2453; baseline 0.001 -16"><span class='ocrx_word' id='word_1_252' title='bbox 144 2392 280 2452; x_wconf 85' lang='lat' dir='ltr'>igitur</span> <span class='ocrx_word' id='word_1_253' title='bbox 301 2401 354 2437; x_wconf 87' lang='lat' dir='ltr'>ut</span> <span class='ocrx_word' id='word_1_254' title='bbox 379 2392 595 2453; x_wconf 88' lang='lat' dir='ltr'>sapientes</span> <span class='ocrx_word' id='word_1_255' title='bbox 618 2392 731 2448; x_wconf 90' lang='lat' dir='ltr'>sitis,</span> <span class='ocrx_word' id='word_1_256' title='bbox 759 2400 804 2436; x_wconf 92' lang='lat' dir='ltr'>et</span> <span class='ocrx_word' id='word_1_257' title='bbox 825 2392 1084 2453; x_wconf 88' lang='lat' dir='ltr'>sapientiam</span> <span class='ocrx_word' id='word_1_258' title='bbox 1109 2392 1336 2438; x_wconf 80' lang='lat' dir='ltr'>nesciatis?</span> <span class='ocrx_word' id='word_1_259' title='bbox 1359 2395 1459 2439; x_wconf 91' lang='lat' dir='ltr'>Non</span> <span class='ocrx_word' id='word_1_260' title='bbox 1477 2394 1553 2439; x_wconf 86' lang='lat' dir='ltr'>in-</span> 
     </span>
     <span class='ocr_line' id='line_1_32' title="bbox 145 2463 1554 2526; baseline 0.002 -17"><span class='ocrx_word' id='word_1_261' title='bbox 145 2464 258 2526; x_wconf 91' lang='lat' dir='ltr'>quit,</span> <span class='ocrx_word' id='word_1_262' title='bbox 285 2480 308 2509; x_wconf 90' lang='lat' dir='ltr'>a</span> <span class='ocrx_word' id='word_1_263' title='bbox 331 2479 403 2508; x_wconf 89' lang='lat' dir='ltr'>me</span> <span class='ocrx_word' id='word_1_264' title='bbox 423 2464 487 2509; x_wconf 88' lang='lat' dir='ltr'>ita</span> <span class='ocrx_word' id='word_1_265' title='bbox 508 2463 694 2510; x_wconf 86' lang='lat' dir='ltr'>dicetur.</span> <span class='ocrx_word' id='word_1_266' title='bbox 721 2466 817 2509; x_wconf 88' lang='lat' dir='ltr'>Hoc</span> <span class='ocrx_word' id='word_1_267' title='bbox 840 2473 906 2508; x_wconf 91' lang='lat' dir='ltr'>est</span> <span class='ocrx_word' id='word_1_268' title='bbox 927 2463 1145 2525; x_wconf 85' lang='lat' dir='ltr'>decipere,</span> <span class='ocrx_word' id='word_1_269' title='bbox 1172 2480 1276 2509; x_wconf 90' lang='lat' dir='ltr'>nam</span> <span class='ocrx_word' id='word_1_270' title='bbox 1298 2464 1410 2509; x_wconf 88' lang='lat' dir='ltr'>nihil</span> <span class='ocrx_word' id='word_1_271' title='bbox 1431 2464 1554 2513; x_wconf 86' lang='lat' dir='ltr'>aliud</span> 
     </span>
     <span class='ocr_line' id='line_1_33' title="bbox 145 2535 1554 2598; baseline 0.002 -18"><span class='ocrx_word' id='word_1_272' title='bbox 145 2537 265 2598; x_wconf 91' lang='lat' dir='ltr'>apud</span> <span class='ocrx_word' id='word_1_273' title='bbox 287 2545 331 2581; x_wconf 92' lang='lat' dir='ltr'>te</span> <span class='ocrx_word' id='word_1_274' title='bbox 351 2535 618 2581; x_wconf 86' lang='lat' dir='ltr'>invenietur.</span> <span class='ocrx_word' id='word_1_275' title='bbox 645 2539 712 2580; x_wconf 85' lang='lat' dir='ltr'>Ita</span> <span class='ocrx_word' id='word_1_276' title='bbox 741 2536 791 2580; x_wconf 87' lang='lat' dir='ltr'>fit</span> <span class='ocrx_word' id='word_1_277' title='bbox 812 2544 863 2580; x_wconf 90' lang='lat' dir='ltr'>ut</span> <span class='ocrx_word' id='word_1_278' title='bbox 885 2535 919 2580; x_wconf 90' lang='lat' dir='ltr'>si</span> <span class='ocrx_word' id='word_1_279' title='bbox 936 2537 1021 2581; x_wconf 91' lang='lat' dir='ltr'>hoc</span> <span class='ocrx_word' id='word_1_280' title='bbox 1050 2535 1207 2582; x_wconf 77' lang='lat' dir='ltr'>dixeris</span> <span class='ocrx_word' id='word_1_281' title='bbox 1221 2572 1231 2592; x_wconf 88' lang='lat'>,</span> <span class='ocrx_word' id='word_1_282' title='bbox 1258 2537 1429 2596; x_wconf 83' lang='lat' dir='ltr'>fugiant</span> <span class='ocrx_word' id='word_1_283' title='bbox 1450 2547 1554 2583; x_wconf 84' lang='lat' dir='ltr'>tan-</span> 
     </span>
    </p>
   </div>
   <div class='ocr_carea' id='block_1_3' title="bbox 145 2608 1550 2722">
    <p class='ocr_par' dir='ltr' id='par_1_5' title="bbox 145 2608 1550 2722">
     <span class='ocr_line' id='line_1_34' title="bbox 145 2608 1550 2671; baseline 0.003 -17"><span class='ocrx_word' id='word_1_284' title='bbox 145 2624 280 2671; x_wconf 88' lang='lat' dir='ltr'>quam</span> <span class='ocrx_word' id='word_1_285' title='bbox 302 2609 506 2654; x_wconf 88' lang='lat' dir='ltr'>insanum</span> <span class='ocrx_word' id='word_1_286' title='bbox 525 2628 534 2655; x_wconf 78' lang='grc' dir='ltr'><strong><em>ι</em></strong></span> <span class='ocrx_word' id='word_1_287' title='bbox 560 2609 594 2653; x_wconf 87' lang='lat' dir='ltr'>si</span> <span class='ocrx_word' id='word_1_288' title='bbox 626 2608 711 2654; x_wconf 90' lang='lat' dir='ltr'>alio</span> <span class='ocrx_word' id='word_1_289' title='bbox 734 2608 868 2654; x_wconf 87' lang='lat' dir='ltr'>modo</span> <span class='ocrx_word' id='word_1_290' title='bbox 890 2608 946 2654; x_wconf 83' lang='lat' dir='ltr'>ad</span> <span class='ocrx_word' id='word_1_291' title='bbox 968 2610 1052 2655; x_wconf 86' lang='lat' dir='ltr'>hoc</span> <span class='ocrx_word' id='word_1_292' title='bbox 1074 2609 1328 2666; x_wconf 81' lang='lat' dir='ltr'>adduxeris,</span> <span class='ocrx_word' id='word_1_293' title='bbox 1354 2609 1487 2657; x_wconf 72' lang='lat' dir='ltr'>facias</span> <span class='ocrx_word' id='word_1_294' title='bbox 1503 2612 1550 2658; x_wconf 87' lang='lat' dir='ltr'>in</span> 
     </span>
     <span class='ocr_line' id='line_1_35' title="bbox 1312 2684 1351 2722; baseline 0 0"><span class='ocrx_word' id='word_1_295' title='bbox 1312 2684 1351 2722; x_wconf 80' lang='grc'>6.</span> 
     </span>
    </p>
   </div>
  </div>
 </body>
</html>
