1883 3194
286 150 342 189 66
692 161 726 189 5.
763 162 996 191 Aue-usum
1030 165 1211 193 E1’1se01’1

281 227 476 287 pientem
509 241 638 271 suum
672 243 770 273 eam
800 230 1014 275 invenisse
1042 240 1310 292 putaverunt
1327 267 1338 287 ,
1363 241 1408 276 ct
1429 232 1680 279 Academici

280 298 466 359 sapienti
501 314 580 344 suo
617 316 790 346 summo
822 312 984 347 conatu
1026 302 1334 348 inveniendam
1367 320 1459 349 esse
1496 304 1680 365 professi

279 379 383 414 sunt
397 406 408 426 ‚
434 369 568 432 idque
601 370 727 416 illum
750 388 875 431 agere
897 372 1065 418 sedulo.
1096 373 1181 419 Sed
1204 375 1413 436 quoniam
1432 375 1504 421 vel
1524 376 1681 421 lateret

280 440 462 498 obruta,
487 442 558 487 vel
585 442 766 488 confusa
784 461 874 489 non
905 445 1137 501 emineret,
1164 445 1220 490 ad
1244 446 1459 506 agendam
1476 447 1612 492 vitam
1633 446 1681 492 id

279 528 381 558 eum
403 514 525 576 sequi
547 513 670 576 quod
705 515 936 575 probabile
973 533 1022 561 ac
1052 516 1287 562 verisimile
1324 527 1586 563 occurreret.
1628 517 1680 562 Id

278 585 410 630 etiam
442 595 584 630 vestra
616 586 797 646 pristina
832 586 1150 648 disceptatione
1179 587 1430 634 confectum
1465 598 1541 634 est.
1567 591 1678 635 Nam

276 672 379 702 cum
415 656 523 701 alter
550 657 729 702 inventa
750 658 932 704 veritate
954 659 1133 704 beatum
1156 659 1250 704 fieri
1272 661 1503 705 asseruerit
1533 659 1680 706 homi-

276 743 401 784 nem,
422 726 531 772 alter
548 743 652 773 vero
671 738 845 774 tantum
867 729 1096 789 diligenter
1112 730 1319 793 quaesita⁷
1340 730 1453 776 nulli
1478 740 1679 777 nostrum

276 798 464 844 dubium
488 808 553 845 est
575 799 686 845 nihil
699 816 789 846 esse
807 818 831 846 a
845 802 972 847 nohis
987 802 1092 848 huic
1115 803 1293 864 negotio
1308 802 1674 864 praeponendum.

275 873 574 926 Quamobrem
596 872 773 935 qualem
800 874 924 920 vobis
941 910 952 932 ‚
978 892 1149 937 quaeso,
1173 876 1431 921 hesternum
1453 875 1572 921 diem
1607 874 1678 921 vi-

272 942 431 989 demur
452 943 656 990 duxisse?
678 946 812 991 Vobis
829 945 1010 1008 quidem
1030 947 1077 992 in
1101 946 1255 993 studiis
1276 947 1431 994 vestris
1453 947 1600 992 vivere
1619 945 1677 991 li-

273 1016 502 1063 cuit.Nam
518 1026 562 1063 et
583 1027 648 1075 tu,
665 1018 857 1077 Trygeti,
878 1018 1050 1078 Virgilii
1070 1028 1115 1064 te
1131 1018 1401 1064 carminibus
1425 1017 1674 1074 oblectasti,

272 1096 316 1132 et
334 1088 556 1134 Licentius
573 1089 788 1149 fingendis
803 1091 999 1136 versibus
1016 1091 1209 1147 vacavit,
1225 1106 1418 1152 quorum
1440 1106 1589 1136 amore
1610 1089 1674 1135 ita

271 1159 498 1221 perculsus
520 1170 584 1206 est
598 1196 609 1217 ‚
632 1170 685 1206 ut
705 1171 885 1222 propter
905 1177 1009 1206 eum
1026 1162 1211 1207 maxime
1235 1163 1343 1207 mihi
1364 1162 1499 1207 istum
1515 1177 1677 1207 sermo-

272 1248 375 1278 nem
396 1232 679 1278 inferendum
696 1241 921 1293 putarem,
947 1249 1037 1294 quo
1051 1233 1098 1278 in
1119 1235 1212 1295 ejus
1230 1233 1378 1279 animo
1399 1232 1677 1294 philosophia

271 1305 422 1363 (nunc
463 1303 582 1348 enim
622 1312 795 1364 tempus
833 1305 927 1363 est)
947 1305 1159 1364 majorem
1199 1312 1392 1364 partem,
1413 1319 1506 1349 non
1541 1304 1677 1350 modo

271 1391 408 1437 quam
428 1374 600 1437 poetica
612 1408 625 1433 ‚
644 1374 723 1422 sed
741 1374 908 1438 quaevis
926 1373 1012 1423 alia
1032 1374 1264 1438 disciplina
1282 1374 1367 1422 sibi
1387 1383 1571 1437 usurpet
1588 1410 1602 1435 ,
1625 1390 1677 1422 ac

272 1447 482 1496 vindicet.

274 1603 1670 1627 WMWWWWWWWWMMWMMMMMMMWMWWMM

816 1745 1037 1798 CAPUT
1069 1748 1138 1797 ΙΙ.

530 1894 616 1941 Αη
631 1892 849 1959 fortuna
878 1893 1091 1955 sapienti
1113 1892 1409 1940 necessaria.

333 2034 393 2076 11.
431 2033 516 2078 SED
549 2047 699 2093 quaeso
719 2046 819 2088 VOS,
840 2046 988 2076 nonne
1030 2030 1219 2076 miserati
1256 2029 1393 2075 nostri
1422 2030 1543 2086 estis,
1568 2045 1672 2076 cum

271 2101 410 2165 pridie
431 2103 492 2149 ita
523 2103 726 2148 cubitum
762 2103 964 2160 issemus,
987 2111 1038 2148 ut
1069 2101 1125 2147 ad
1146 2101 1326 2148 dilatam
1349 2101 1639 2163 quaestionem
1655 2137 1667 2158 ,

270 2184 315 2220 et
332 2191 506 2236 prorsus
528 2174 585 2220 ad
606 2174 717 2220 nihil
733 2173 856 2220 aliud
877 2184 1151 2234 surgeretur,
1172 2173 1295 2236 quod
1313 2182 1434 2219 tanta
1451 2172 1506 2218 de
1529 2188 1575 2217 re
1601 2171 1670 2217 fa-

271 2246 428 2292 miliari
460 2247 701 2293 necessario
739 2246 987 2308 peragenda
1020 2247 1282 2303 extiterunt,
1307 2254 1358 2291 ut
1389 2245 1458 2290 his
1494 2245 1671 2306 penitus

271 2320 494 2381 occupati,
519 2321 592 2366 vix
614 2319 722 2364 duas
736 2328 946 2363 extremas
965 2318 1051 2363 diei
1072 2319 1200 2363 horas
1215 2317 1261 2361 in
1278 2316 1565 2378 nosmetipsos
1580 2332 1671 2362 res-

272 2393 415 2455 pirare
451 2393 705 2453 possemus?
739 2393 883 2445 Quare
917 2406 1087 2451 semper
1117 2389 1203 2435 fuit
1234 2388 1448 2433 sententia
1469 2404 1566 2433 mea
1598 2404 1669 2433 sa-

272 2465 408 2527 pienti
424 2465 515 2526 jam
536 2463 704 2508 homini
723 2462 832 2507 nihil
855 2478 963 2523 opus
981 2478 1071 2506 esse
1091 2481 1098 2507 :
1125 2471 1175 2506 ut
1197 2469 1344 2506 autem
1367 2459 1538 2520 sapiens
1562 2460 1664 2517 fiat,

271 2535 512 2597 plurimum
540 2534 824 2580 necessariam
846 2548 936 2578 esse
955 2531 1175 2578 fortunam
1195 2550 1203 2577 :
1223 2529 1303 2576 nisi
1325 2530 1434 2593 quid
1459 2529 1577 2576 aliud
1598 2530 1666 2575 vi-
