1852 3163
310 203 393 242 114
740 217 774 241 s.
811 213 1040 243 incensum
1072 214 1255 243 EP18C01’1

301 281 369 324 sit.
386 279 649 339 Eloquentia
663 288 738 325 tua
760 281 934 326 territus
956 297 1046 327 non
1067 297 1186 326 sum:
1205 279 1422 342 quidquid
1444 282 1560 326 enim
1575 296 1689 338 amo,

300 351 499 411 quamvis
543 367 633 396 non
675 367 877 414 assequar
899 389 909 409 ,
943 353 1094 398 timere
1135 368 1225 398 non
1256 369 1431 414 possum
1457 373 1466 398 ι
1503 353 1693 399 fortunae

297 435 400 466 vero
413 420 727 467 sublimitatem
741 423 882 467 multo
897 423 1062 468 minus:
1080 422 1198 483 apud
1214 433 1257 468 te
1270 425 1390 479 enim
1404 439 1504 469 vere
1515 460 1526 480 ,
1541 439 1694 486 quam-

295 492 360 536 vis
387 492 441 537 sit
462 508 640 552 magna,
665 493 856 539 secunda
878 504 965 540 est:
990 511 1092 539 nam
1113 490 1572 556 quibus'dominatur,
1597 511 1694 541 eos—

295 562 397 608 dem
427 565 541 624 ipsos
563 565 780 611 secundos
802 564 921 612 facit.
958 566 1042 613 Sed
1071 567 1160 627 jam
1181 567 1289 628 quid
1315 567 1518 624 afferam,
1544 583 1693 629 quaeso

295 643 362 690 te,
391 634 584 680 attende.

352 707 428 750 VI.
465 705 617 751 Idibus
639 709 898 754 Novembris
934 709 1043 753 mihi
1064 708 1221 754 natalis
1245 707 1338 753 dies
1357 717 1468 755 erat:
1485 718 1584 770 post
1600 717 1692 754 tam

289 785 425 822 tenue
446 778 683 838 prandium
698 814 709 835 ,
730 788 781 824 ut
803 780 858 824 ab
881 795 934 825 eo
948 780 1060 825 nihil
1081 780 1362 840 ingeniorum
1382 779 1689 841 impediretur,

290 865 442 894 omnes
465 850 541 910 qui
562 850 693 895 simul
724 867 816 896 non
843 851 977 897 modo
997 852 1075 897 illo
1098 851 1169 897 die
1185 889 1195 909 ,
1221 851 1298 898 sed
1316 850 1514 914 quotidie
1535 851 1693 898 convi-

290 922 511 969 vabamur¹
525 923 571 967 in
593 922 771 969 balneas
785 926 841 969 ad
858 924 1188 970 consedendum
1203 925 1378 971 vocavi:
1403 939 1507 969 nam
1527 923 1563 968 is
1577 933 1693 969 tem-
1749 954 1751 957 -

294 993 391 1053 pori
413 1003 540 1054 aptus
577 993 700 1039 locus
732 1005 1011 1057 secretusque
1048 1005 1313 1041 occurrerat.
1338 998 1477 1040 Erant
1510 1004 1658 1039 autem
1677 1029 1690 1051 ,

292 1080 384 1108 non
406 1065 522 1108 enim
543 1081 696 1111 vereor
717 1082 789 1111 eos
811 1066 1018 1126 singulari
1040 1065 1300 1125 benignitati
1322 1076 1411 1111 tuae
1427 1074 1554 1111 notos
1577 1065 1696 1111 inte-

293 1134 375 1178 rim
397 1135 650 1180 nominibus
667 1135 831 1194 faeere,
857 1137 1068 1197 imprimis
1091 1147 1240 1181 nostra
1263 1146 1423 1192 mater,
1448 1137 1572 1197 cujus
1594 1151 1691 1180 me-

292 1205 365 1249 riti
397 1204 528 1250 eredo
556 1221 646 1251 esse
675 1223 805 1252 omne
838 1207 960 1268 quod
1002 1207 1122 1252 vivo:
1158 1207 1364 1266 Navigius
1386 1206 1519 1251 frater
1540 1222 1687 1252 meus:

294 1278 523 1338 Trygetius
544 1287 589 1322 et
609 1278 830 1323 Licentius
845 1315 855 1334 ,
881 1279 995 1324 cives
1018 1289 1061 1324 et
1089 1277 1291 1339 discipuli
1314 1278 1421 1334 mei,
1447 1293 1530 1323 nec
1546 1277 1691 1323 Lasti-

292 1347 475 1392 dianum
497 1358 541 1392 et
562 1349 792 1394 Rusticum
813 1350 1097 1395 consobrinos
1119 1365 1260 1405 meos,
1297 1349 1493 1410 quamvis
1514 1348 1690 1393 nullum

291 1419 362 1463 vel
403 1420 736 1477 grammaticum
776 1421 887 1480 passi
927 1421 1036 1475 sint,
1078 1420 1226 1464 deesse
1265 1419 1410 1476 volui,
1454 1419 1689 1480 ipsumque

293 1504 447 1534 eorum
469 1506 643 1535 sensum
679 1506 959 1535 communem
981 1490 1036 1536 ad
1069 1506 1161 1535 rem
1183 1506 1316 1552 quam
1344 1489 1576 1546 moliebar,
1607 1504 1688 1535 ne-

292 1563 526 1607 cessarium
558 1564 724 1623 putavi.
750 1566 857 1608 Erat
893 1562 1023 1608 etiam
1061 1563 1291 1608 nobiscum
1327 1572 1454 1607 aetate
1479 1563 1688 1608 minimus

293 1635 516 1691 onmium⁷
543 1635 620 1679 sed
635 1636 758 1697 cujus
778 1635 1026 1693 ingenium,
1051 1635 1085 1680 si
1109 1651 1256 1680 amore
1277 1650 1368 1680 non
1389 1633 1538 1691 fallor,
1563 1649 1688 1694 mag-

293 1721 403 1750 num
435 1705 649 1768 quiddam
676 1706 912 1768 pollicetur
941 1706 1193 1754 Adeodatus
1213 1705 1329 1753 filius
1350 1721 1490 1753 meus.
1516 1705 1687 1761 Quibus

294 1778 470 1825 attentis
487 1778 548 1825 sic
569 1778 700 1841 coepi.
