1883 3194
290 167 344 206 58
731 175 766 203 s.
802 172 1036 203 Aucus'rrm
1066 174 1249 204 muscom

288 244 394 291 mihi
416 255 670 303 persuasero
689 254 843 286 verum
876 256 1001 302 posse
1021 240 1225 298 inveniri,
1243 254 1380 302 quam
1399 242 1484 287 sibi
1503 241 1568 288 illi
1589 258 1680 294 non

286 330 411 376 posse
423 322 745 374 persuaserunt,
771 328 861 359 non
877 312 1096 359 audebam
1109 329 1321 374 quaerere,
1343 329 1425 360 nec
1435 315 1578 361 habeo
1597 314 1681 361 ali-

285 384 392 446 quid
422 383 545 446 quod
575 382 825 428 defendam.
859 386 1015 445 Itaque
1040 384 1167 429 istam
1193 384 1584 445 interrogationem
1613 401 1683 432 re-

284 471 428 513 move,
443 455 477 500 si
494 454 653 516 placet,
678 464 722 499 et
738 454 883 515 potius
901 454 1183 501 discutiamus
1199 455 1314 500 inter
1335 472 1431 513 nos,
1455 473 1590 518 quam
1609 473 1682 503 sa-

285 528 447 589 gaciter
473 541 727 588 possumus,
760 535 1016 571 utrumnam
1039 526 1175 588 possit
1198 541 1356 572 verum
1381 527 1584 574 inveniri.
1623 531 1684 576 Et

283 615 364 660 pro
385 607 508 661 parte
521 613 619 644 mea
636 596 790 643 videor
810 597 920 643 mihi
934 597 1098 643 habere
1114 598 1208 659 jam
1223 597 1380 655 multa,
1395 599 1557 662 quibus
1571 615 1683 646 con-

283 679 350 716 tra
367 670 580 717 rationem
604 667 966 715 Academicorum
988 669 1070 715 niti
1086 668 1262 726 molior,
1284 669 1399 715 inter
1419 686 1531 732 quos
1547 680 1593 718 et
1610 684 1684 718 me

283 740 417 788 modo
436 740 615 786 interim
631 738 742 785 nihil
763 739 911 797 distat,
935 739 1020 786 nisi
1041 739 1164 802 quod
1184 738 1270 786 illis
1290 740 1521 802 probabile
1540 742 1683 789 visum

282 822 373 870 est,
406 828 500 858 non
529 827 656 874 posse
685 812 873 858 inveniri
893 812 1148 870 veritatem,
1172 812 1282 859 mihi
1315 821 1465 860 autem
1494 814 1683 861 inveniri

282 899 407 946 posse
421 882 652 944 probabile
669 892 748 929 est.
772 885 885 930 Nam
902 883 1120 945 ignoratio
1139 884 1255 942 veri,
1280 893 1359 931 aut
1389 885 1520 943 mihi,
1552 885 1588 931 si
1617 884 1682 932 illi

282 955 528 1017 fingebant,
549 954 782 1018 peculiaris
794 964 875 1014 est,
894 964 972 1002 aut
983 964 1101 1003 certe
1120 955 1319 1019 utrisque
1340 956 1603 1004 communis,

282 1114 782 1133 mmmmm

1213 1115 1678 1134 wuwwwmwmwummm

824 1246 1044 1299 CAPUT
1081 1250 1145 1299 X.

286 1393 567 1445 Verborum
593 1394 922 1442 controversia
949 1408 1049 1440 non
1088 1403 1162 1443 ,est
1192 1408 1300 1453 quae
1331 1391 1542 1441 habetur
1573 1410 1687 1443 cam

656 1462 1000 1524 Academicis,
1022 1462 1115 1512 sed
1131 1480 1308 1514 rerum.

340 1606 506 1652 XXIV.
542 1607 647 1652 TUM
666 1603 855 1666 Alypius
876 1621 886 1651 ε
912 1604 1028 1660 Jam,
1053 1602 1215 1664 inquit,
1239 1616 1420 1649 securus
1441 1601 1643 1649 incedam
1669 1623 1681 1653 ς

282 1675 412 1725 video
444 1677 563 1722 enim
592 1685 637 1722 tc
670 1692 762 1722 non
790 1684 881 1720 tam
906 1682 1230 1731 accusatorem,
1268 1688 1405 1735 quam
1439 1672 1685 1735 adjutorem

282 1748 392 1795 sore.
418 1751 575 1810 Itaque
602 1763 658 1794 ne
686 1747 862 1809 longius
882 1747 1115 1805 abeamus,
1138 1746 1367 1794 videamus
1387 1763 1542 1808 quaeso
1562 1749 1685 1810 prius

282 1835 339 1866 ne
355 1835 434 1880 per
453 1820 567 1865 hanc
583 1819 889 1881 quaestionem,
903 1818 951 1863 in
970 1833 1059 1879 qua
1072 1817 1325 1863 successisse
1345 1816 1499 1864 videor
1518 1819 1586 1876 iis,
1602 1819 1683 1880 qui

282 1892 364 1938 tibi
385 1900 623 1947 cesserunt,
648 1890 696 1935 in
714 1889 838 1936 verbi
855 1888 1196 1935 controversiam
1210 1887 1481 1947 decidamUS‚
1500 1890 1624 1950 quod
1641 1899 1685 1936 te

284 1964 378 2025 ipso
398 1963 648 2009 insinuante
677 1977 729 2007 ex
751 1962 1012 2007 auctoritate
1038 1959 1115 2006 illa
1149 1958 1353 2006 Tulliana
1383 1961 1685 2021 turpissimum

283 2050 390 2092 esse,
413 2050 530 2096 saepe
551 2034 739 2081 confessi
759 2049 927 2079 sumus.
948 2035 1064 2080 Cum
1076 2033 1211 2090 enim,
1233 2033 1282 2078 ni
1300 2031 1447 2090 fallor,
1459 2034 1682 2082 Licentius

283 2106 497 2168 placuisse
516 2106 598 2152 sibi
620 2105 785 2152 diceret
799 2105 855 2152 de
870 2104 1182 2167 probabilitate
1201 2104 1568 2152 Academicorum
1581 2120 1682 2150 sen-

284 2179 485 2237 tentiam,
505 2179 728 2241 subjecisti
744 2178 867 2241 quod
888 2178 964 2224 ille
984 2177 1106 2224 haud
1128 2177 1264 2224 dubie
1285 2177 1577 2234 confirmavit,
1599 2178 1684 2223 sci-

285 2260 352 2296 ret
371 2266 427 2296 ne
443 2251 558 2298 hanc
579 2251 635 2297 ab
655 2251 818 2296 eisdem
842 2251 975 2296 etiam
995 2248 1422 2297 verisimilitudinem
1443 2249 1679 2296 nominari.

283 2324 343 2367 Et
363 2322 477 2367 bene
497 2321 618 2379 novi,
642 2321 859 2384 siquidem
880 2337 931 2368 ex
946 2330 990 2367 te
1020 2321 1131 2367 mihi
1146 2330 1252 2368 nota
1270 2331 1389 2378 sunt,
1409 2337 1501 2367 non
1517 2321 1683 2384 absque

285 2404 329 2440 tc
351 2410 442 2440 esse
463 2395 825 2441 Academicorum
848 2394 1025 2455 placita.
1051 2397 1161 2449 Quae
1181 2409 1283 2440 cum
1301 2430 1312 2451 ‚
1335 2403 1387 2439 ut
1408 2393 1513 2451 dixi,
1534 2394 1682 2440 animo

286 2476 365 2512 tuo
385 2467 515 2512 infixa
540 2468 641 2523 sint,
666 2465 776 2528 quid
802 2466 936 2512 verba
956 2466 1146 2522 secteris,
1175 2465 1346 2526 ignoro.
1371 2468 1471 2513 Non
1492 2474 1558 2511 est
1574 2465 1677 2520 ista,

287 2537 484 2598 inquam,
504 2538 611 2583 mihi
636 2537 781 2594 crede,
798 2538 1051 2595 verborum,
1067 2537 1144 2584 sed
1156 2552 1303 2584 rerum
1316 2538 1506 2599 ipsarum
1520 2551 1677 2598 magna
