1888 3168
263 181 346 219 4:2ss
709 193 740 221 s.
786 194 1007 222 xi‘cftvsrriNi
1042 196 1221 225 Episcopi

293 350 468 366 xxkkkattxx
474 351 805 369 QURVEOEQKKQQVUEBVQXK
811 353 891 368 Κῑῑυὶ
897 353 925 368 t]
930 352 1293 368 uwxzvvxtvvxvvuvztuttx
1299 353 1363 369 X'Bkt
1369 354 1464 370 sautu.
1470 356 1495 370 ιλ
1505 356 1527 370 λ’·
1535 357 1646 373 muns-tt

755 474 973 525 CAPUT
1011 478 1150 526 VIII.

424 612 649 660 ‚Membra
672 611 966 673 semipedum
991 613 1198 673 quinque
1218 622 1263 658 et
1284 623 1479 676 septem.

316 754 437 797 XVI.
463 755 524 799 M.
549 754 769 806 SEQUITUR
790 761 841 796 ut
869 751 924 795 de
945 752 1143 814 quinque
1164 762 1207 797 et
1229 762 1393 814 septem
1416 754 1647 815 semipedi-

256 823 339 870 bus
371 822 650 879 disseramus,
685 822 836 884 quales
864 833 966 868 sunt
992 840 1140 869 versus
1168 823 1257 870 duo
1280 824 1342 869 illi
1368 825 1645 882 nobilissimi,

255 896 458 940 heroicus
480 904 523 938 et
550 910 683 955 quem
709 895 946 939 iambicum
968 895 1102 955 vulgo
1119 905 1291 952 vocant,
1313 896 1440 941 etiam
1469 897 1561 956 ipse
1582 913 1650 941 se-

254 969 416 1013 narius.
434 970 561 1022 Nam,
580 968 740 1011 Arma
757 967 1005 1026 virzmzque
1026 983 1168 1024 ccmo,
1194 967 1356 1029 Teroe
1373 969 1457 1027 qui
1464 969 1651 1028 primus

255 1038 321 1086 ccl)
334 1040 448 1096 oris,
460 1040 519 1084 ita
537 1038 746 1083 dividitur
762 1049 812 1084 ut
825 1040 1015 1099 primum
1031 1041 1121 1101 ejus
1137 1039 1384 1085 membrum
1404 1040 1473 1097 sit,
1489 1041 1539 1086 A
1543 1057 1650 1086 rma

254 1111 505 1169 virumque
528 1125 669 1166 cano,
684 1111 761 1172 qui
783 1120 885 1155 sunt
902 1111 1121 1172 quinque3
1140 1121 1183 1156 et
1200 1110 1459 1168 seeundum,
1488 1111 1651 1175 Trojce

255 1184 341 1240 qm]
371 1183 556 1242 primns
595 1180 658 1226 ab
696 1184 814 1238 oris,
840 1183 917 1243 qui
954 1193 1057 1228 sunt
1090 1193 1256 1244 septem
1293 1183 1547 1244 semipedes.
1573 1187 1646 1240 Et,

253 1252 500 1300 I’lzaselus
536 1252 615 1298 ille
648 1269 787 1313 quem
818 1252 991 1298 videtis
1023 1252 1253 1314 hospites,
1289 1254 1481 1315 primum
1512 1270 1651 1299 mem-

255 1326 387 1370 brum
424 1326 579 1381 habet,
605 1323 851 1370 Plzaselus
890 1324 991 1381 ille,
1012 1327 1057 1370 in
1094 1326 1388 1386 semipedibus
1423 1327 1620 1388 quinque
1638 1349 1649 1386 3

254 1397 498 1442 seeundum
519 1397 565 1441 in
588 1406 776 1456 septem,
803 1412 941 1456 (suem
969 1395 1141 1441 videtis
1166 1395 1391 1457 hospites.
1421 1397 1506 1444 Sed
1528 1407 1651 1443 tanta

253 1468 328 1512 illa
359 1468 563 1513 nobilitas
585 1469 631 1512 in
653 1467 749 1527 lege
770 1469 850 1512 ista
875 1467 1135 1529 aequalitatis
1167 1468 1352 1512 laborat.
1387 1471 1500 1513 Cum
1534 1469 1648 1514 enim

254 1541 497 1600 superiores
515 1540 714 1601 quinque
732 1539 971 1599 semipedes
993 1539 1038 1582 in
1061 1538 1170 1584 duos
1193 1549 1235 1583 et
1258 1549 1341 1584 tres
1360 1538 1647 1596 diviserimus,

255 1612 515 1672 posteriores
543 1620 688 1655 autem
716 1619 882 1669 septem
911 1610 957 1652 in
984 1619 1071 1653 tres
1106 1619 1149 1653 et
1171 1619 1388 1670 quatuor,
1413 1621 1655 1668 congruent

256 1683 340 1728 sibi
367 1682 545 1743 quidem
573 1681 800 1743 particulae
823 1692 1049 1727 ternorum
1079 1682 1377 1742 semipedum,
1402 1681 1478 1727 sed
1500 1683 1533 1726 si
1558 1682 1656 1728 duae

256 1753 438 1814 reliquae
456 1755 514 1797 ita
533 1753 833 1809 convenirent,
853 1763 903 1797 ut
919 1769 1007 1798 una
1024 1769 1174 1797 earum
1191 1763 1409 1798 constaret
1427 1770 1516 1799 uno
1534 1755 1657 1799 semi-

256 1826 391 1886 pede,
428 1824 511 1869 alia
544 1825 742 1886 quinque
771 1827 1142 1886 conjungerentur
1171 1824 1267 1884 lege
1285 1824 1375 1880 illa,
1406 1841 1493 1885 qua
1515 1842 1654 1870 unum

257 1914 357 1944 eum
382 1898 586 1942 omnibus
608 1897 800 1942 numeris
824 1898 1035 1958 conjungi
1056 1907 1221 1956 potest,
1243 1906 1287 1941 et
1318 1897 1363 1941 in
1392 1913 1560 1942 summa
1583 1914 1655 1942 sex

255 1972 428 2024 fierent,
455 1968 577 2030 quod
600 1979 701 2013 sunt
723 1970 854 2013 etiam
878 1979 962 2013 tres
986 1979 1029 2013 et
1046 1978 1132 2013 tres
1151 1989 1159 2013 ε
1182 1985 1299 2014 nunc
1315 1985 1418 2014 vero
1440 1970 1541 2031 quia
1564 1969 1653 2015 duo

255 2051 297 2086 et
319 2050 509 2101 quatuor
531 2040 838 2095 inveniuntur,
865 2056 1081 2084 summam
1103 2041 1284 2102 quidem
1318 2039 1504 2085 reddent
1525 2056 1652 2085 sena-

255 2114 388 2171 ria1n3
409 2111 484 2157 sed
502 2111 625 2156 nullo
643 2112 903 2173 {equalitatis
920 2113 1019 2172 jure
1037 2121 1210 2156 tantum
1231 2111 1378 2156 valent
1400 2111 1489 2157 duo
1511 2129 1653 2173 quan-

254 2195 350 2230 tum
369 2194 575 2246 quatuor,
592 2184 704 2228 utin
722 2183 1022 2241 hujuscemodi
1038 2183 1161 2240 quasi
1178 2182 1497 2228 necessitudine
1515 2200 1653 2244 copu-

254 2257 417 2301 lentur.
436 2256 525 2301 Nisi
539 2255 652 2301 forte
671 2256 766 2317 quis
785 2256 942 2300 dixerit
955 2256 1054 2299 satis
1071 2271 1160 2300 esse
1174 2255 1229 2300 ad
1246 2255 1437 2316 aliquam
1453 2256 1651 2316 regulam

255 2329 503 2389 parilitatis,
526 2327 646 2389 quod
668 2338 718 2372 ut
742 2338 826 2373 tres
849 2337 891 2372 et
925 2337 1032 2383 tres,
1058 2328 1117 2372 ita
1150 2327 1238 2372 duo
1276 2337 1319 2372 et
1352 2338 1542 2389 quatuor
1579 2344 1651 2373 sex

255 2402 369 2444 fiunt
387 2420 395 2444 ε
418 2401 487 2444 cui
507 2401 662 2445 rationi
685 2400 1019 2459 repugnandum
1040 2416 1128 2445 non
1150 2400 1362 2445 arbitror:
1389 2409 1450 2444 est
1469 2400 1586 2444 enim
1607 2410 1649 2445 et

253 2472 349 2514 lime
373 2469 517 2531 aliqua
542 2470 780 2531 aequalitas.
810 2469 893 2515 Sed
923 2469 1033 2514 illud
1067 2469 1229 2514 nollem
1265 2480 1314 2514 ut
1348 2475 1510 2527 majore
1543 2486 1650 2515 eon-

256 2542 450 2596 grumum
487 2541 682 2601 quinque
719 2551 754 2583 οἱ
787 2550 868 2584 {res
891 2557 1020 2601 qumu
1046 2541 1242 2601 quinque
1264 2551 1305 2586 οἱ
1329 2551 1491 2601 septem
1516 2542 1645 2586 semi-
