<?xml version="1.0" encoding="UTF-8"?>
<!DOCTYPE html PUBLIC "-//W3C//DTD XHTML 1.0 Transitional//EN"
    "http://www.w3.org/TR/xhtml1/DTD/xhtml1-transitional.dtd">
<html xmlns="http://www.w3.org/1999/xhtml" xml:lang="en" lang="en">
 <head>
  <title>
</title>
<meta http-equiv="Content-Type" content="text/html;charset=utf-8" />
  <meta name='ocr-system' content='tesseract 3.04.00' />
  <meta name='ocr-capabilities' content='ocr_page ocr_carea ocr_par ocr_line ocrx_word'/>
</head>
<body>
  <div class='ocr_page' id='page_1' title='image "./operaomniaaccura01auguuoft_0224.png"; bbox 0 0 1852 3163; ppageno 0'>
   <div class='ocr_carea' id='block_1_1' title="bbox 276 249 1218 293">
    <p class='ocr_par' dir='ltr' id='par_1_1' title="bbox 276 249 1218 293">
     <span class='ocr_line' id='line_1_1' title="bbox 276 249 1218 293; baseline 0.003 -3"><span class='ocrx_word' id='word_1_1' title='bbox 276 249 360 290; x_wconf 73' lang='lat'>214</span> <span class='ocrx_word' id='word_1_2' title='bbox 703 265 737 292; x_wconf 88' lang='lat' dir='ltr'>s.</span> <span class='ocrx_word' id='word_1_3' title='bbox 772 261 1003 293; x_wconf 72' lang='lat' dir='ltr'>AUGUsTtNI</span> <span class='ocrx_word' id='word_1_4' title='bbox 1033 265 1218 293; x_wconf 62' lang='lat' dir='ltr'>muscom</span> 
     </span>
    </p>
   </div>
   <div class='ocr_carea' id='block_1_2' title="bbox 275 403 1660 425">
    <p class='ocr_par' dir='ltr' id='par_1_2' title="bbox 275 403 1660 425">
     <span class='ocr_line' id='line_1_2' title="bbox 275 403 1660 425; baseline 0.002 -4"><span class='ocrx_word' id='word_1_5' title='bbox 275 403 416 422; x_wconf 56' lang='grc' dir='ltr'><strong>ΦῚΜἊΜ</strong></span> <span class='ocrx_word' id='word_1_6' title='bbox 420 404 487 422; x_wconf 50' lang='lat' dir='ltr'>m}</span> <span class='ocrx_word' id='word_1_7' title='bbox 492 404 558 422; x_wconf 67' lang='grc' dir='ltr'>ἋΜ</span> <span class='ocrx_word' id='word_1_8' title='bbox 563 405 630 423; x_wconf 53' lang='lat' dir='ltr'>tvvs</span> <span class='ocrx_word' id='word_1_9' title='bbox 635 406 700 423; x_wconf 50' lang='lat' dir='ltr'>§vu</span> <span class='ocrx_word' id='word_1_10' title='bbox 704 406 771 423; x_wconf 57' lang='lat' dir='ltr'>Nm</span> <span class='ocrx_word' id='word_1_11' title='bbox 777 406 842 423; x_wconf 54' lang='lat' dir='ltr'>tm</span> <span class='ocrx_word' id='word_1_12' title='bbox 846 405 1128 423; x_wconf 49' lang='grc' dir='ltr'>ἸἱΛΑΑΝυνὶ’νὶΐνννννὶ</span> <span class='ocrx_word' id='word_1_13' title='bbox 1132 406 1340 424; x_wconf 53' lang='lat' dir='ltr'>WUVVQRNW</span> <span class='ocrx_word' id='word_1_14' title='bbox 1346 406 1483 424; x_wconf 60' lang='lat' dir='ltr'>vvuwvs</span> <span class='ocrx_word' id='word_1_15' title='bbox 1487 407 1660 425; x_wconf 64' lang='lat' dir='ltr'>mmmmm</span> 
     </span>
    </p>
   </div>
   <div class='ocr_carea' id='block_1_3' title="bbox 765 527 1167 578">
    <p class='ocr_par' dir='ltr' id='par_1_3' title="bbox 765 527 1167 578">
     <span class='ocr_line' id='line_1_3' title="bbox 765 527 1167 578; baseline -0.002 -1"><span class='ocrx_word' id='word_1_16' title='bbox 765 527 985 578; x_wconf 85' lang='lat' dir='ltr'><strong>CAPUT</strong></span> <span class='ocrx_word' id='word_1_17' title='bbox 1026 530 1167 578; x_wconf 88' lang='lat' dir='ltr'><strong>XIX.</strong></span> 
     </span>
    </p>
   </div>
   <div class='ocr_carea' id='block_1_4' title="bbox 221 688 1665 809">
    <p class='ocr_par' dir='ltr' id='par_1_4' title="bbox 221 688 1665 809">
     <span class='ocr_line' id='line_1_4' title="bbox 221 688 1665 755; baseline 0.003 -20"><span class='ocrx_word' id='word_1_18' title='bbox 221 715 225 718; x_wconf 91' lang='lat'><strong>·</strong></span> <span class='ocrx_word' id='word_1_19' title='bbox 276 688 443 737; x_wconf 86' lang='lat' dir='ltr'><em>Homo</em></span> <span class='ocrx_word' id='word_1_20' title='bbox 465 688 590 737; x_wconf 79' lang='lat' dir='ltr'>unde</span> <span class='ocrx_word' id='word_1_21' title='bbox 625 688 774 737; x_wconf 73' lang='lat' dir='ltr'>brutis</span> <span class='ocrx_word' id='word_1_22' title='bbox 795 692 1140 752; x_wconf 75' lang='lat' dir='ltr'>prsestantior:</span> <span class='ocrx_word' id='word_1_23' title='bbox 1165 691 1404 752; x_wconf 74' lang='lat' dir='ltr'>quomodo</span> <span class='ocrx_word' id='word_1_24' title='bbox 1420 694 1573 755; x_wconf 70' lang='lat' dir='ltr'>possit</span> <span class='ocrx_word' id='word_1_25' title='bbox 1594 693 1665 740; x_wconf 80' lang='lat' dir='ltr'>vi-</span> 
     </span>
     <span class='ocr_line' id='line_1_5' title="bbox 808 761 1125 809; baseline 0 -2"><span class='ocrx_word' id='word_1_26' title='bbox 808 761 921 808; x_wconf 75' lang='lat' dir='ltr'>dere</span> <span class='ocrx_word' id='word_1_27' title='bbox 951 761 1125 809; x_wconf 73' lang='lat' dir='ltr'>Deam.</span> 
     </span>
    </p>
   </div>
   <div class='ocr_carea' id='block_1_5' title="bbox 272 897 1673 2673">
    <p class='ocr_par' dir='ltr' id='par_1_5' title="bbox 272 897 1673 2518">
     <span class='ocr_line' id='line_1_6' title="bbox 333 897 1668 961; baseline 0.002 -19"><span class='ocrx_word' id='word_1_28' title='bbox 333 899 495 942; x_wconf 79' lang='lat' dir='ltr'>XLIX.</span> <span class='ocrx_word' id='word_1_29' title='bbox 533 900 601 943; x_wconf 79' lang='lat' dir='ltr'>Ex</span> <span class='ocrx_word' id='word_1_30' title='bbox 623 897 773 943; x_wconf 89' lang='lat' dir='ltr'>multis</span> <span class='ocrx_word' id='word_1_31' title='bbox 792 899 922 945; x_wconf 84' lang='lat' dir='ltr'>rebus</span> <span class='ocrx_word' id='word_1_32' title='bbox 939 900 1099 959; x_wconf 86' lang='lat' dir='ltr'>passim</span> <span class='ocrx_word' id='word_1_33' title='bbox 1110 908 1209 945; x_wconf 87' lang='lat' dir='ltr'>ante</span> <span class='ocrx_word' id='word_1_34' title='bbox 1221 900 1490 961; x_wconf 83' lang='lat' dir='ltr'>jacentibus,</span> <span class='ocrx_word' id='word_1_35' title='bbox 1505 899 1668 947; x_wconf 90' lang='lat' dir='ltr'>deinde</span> 
     </span>
     <span class='ocr_line' id='line_1_7' title="bbox 273 967 1667 1031; baseline 0.003 -19"><span class='ocrx_word' id='word_1_36' title='bbox 273 967 320 1012; x_wconf 89' lang='lat' dir='ltr'>in</span> <span class='ocrx_word' id='word_1_37' title='bbox 335 985 470 1013; x_wconf 88' lang='lat' dir='ltr'>unam</span> <span class='ocrx_word' id='word_1_38' title='bbox 487 968 672 1014; x_wconf 87' lang='lat' dir='ltr'>formam</span> <span class='ocrx_word' id='word_1_39' title='bbox 691 972 979 1031; x_wconf 78' lang='lat' dir='ltr'>congregatis,</span> <span class='ocrx_word' id='word_1_40' title='bbox 1001 987 1137 1016; x_wconf 88' lang='lat' dir='ltr'>unam</span> <span class='ocrx_word' id='word_1_41' title='bbox 1156 971 1271 1017; x_wconf 88' lang='lat' dir='ltr'>facio</span> <span class='ocrx_word' id='word_1_42' title='bbox 1289 971 1488 1017; x_wconf 89' lang='lat' dir='ltr'>domum.</span> <span class='ocrx_word' id='word_1_43' title='bbox 1512 971 1667 1018; x_wconf 86' lang='lat' dir='ltr'>Melior</span> 
     </span>
     <span class='ocr_line' id='line_1_8' title="bbox 276 1040 1665 1104; baseline 0.004 -21"><span class='ocrx_word' id='word_1_44' title='bbox 276 1056 379 1100; x_wconf 77' lang='lat' dir='ltr'>ego,</span> <span class='ocrx_word' id='word_1_45' title='bbox 405 1040 621 1102; x_wconf 86' lang='lat' dir='ltr'>siquidem</span> <span class='ocrx_word' id='word_1_46' title='bbox 641 1057 719 1100; x_wconf 80' lang='lat' dir='ltr'>ego</span> <span class='ocrx_word' id='word_1_47' title='bbox 742 1042 876 1098; x_wconf 72' lang='lat' dir='ltr'>facio,</span> <span class='ocrx_word' id='word_1_48' title='bbox 902 1042 976 1088; x_wconf 84' lang='lat' dir='ltr'>illa</span> <span class='ocrx_word' id='word_1_49' title='bbox 1006 1043 1078 1089; x_wconf 85' lang='lat' dir='ltr'>fit:</span> <span class='ocrx_word' id='word_1_50' title='bbox 1105 1042 1205 1088; x_wconf 89' lang='lat' dir='ltr'>ideo</span> <span class='ocrx_word' id='word_1_51' title='bbox 1226 1042 1380 1088; x_wconf 91' lang='lat' dir='ltr'>melior</span> <span class='ocrx_word' id='word_1_52' title='bbox 1405 1042 1508 1104; x_wconf 90' lang='lat' dir='ltr'>quia</span> <span class='ocrx_word' id='word_1_53' title='bbox 1531 1041 1665 1099; x_wconf 85' lang='lat' dir='ltr'>facio,</span> 
     </span>
     <span class='ocr_line' id='line_1_9' title="bbox 273 1112 1665 1176; baseline 0.004 -20"><span class='ocrx_word' id='word_1_54' title='bbox 273 1128 365 1157; x_wconf 89' lang='lat' dir='ltr'>non</span> <span class='ocrx_word' id='word_1_55' title='bbox 388 1112 573 1158; x_wconf 86' lang='lat' dir='ltr'>dubium</span> <span class='ocrx_word' id='word_1_56' title='bbox 597 1123 661 1158; x_wconf 91' lang='lat' dir='ltr'>est</span> <span class='ocrx_word' id='word_1_57' title='bbox 681 1113 785 1158; x_wconf 89' lang='lat' dir='ltr'>inde</span> <span class='ocrx_word' id='word_1_58' title='bbox 807 1131 876 1159; x_wconf 87' lang='lat' dir='ltr'>me</span> <span class='ocrx_word' id='word_1_59' title='bbox 894 1131 983 1160; x_wconf 90' lang='lat' dir='ltr'>esse</span> <span class='ocrx_word' id='word_1_60' title='bbox 1005 1114 1231 1161; x_wconf 89' lang='lat' dir='ltr'>meliorem</span> <span class='ocrx_word' id='word_1_61' title='bbox 1253 1131 1386 1176; x_wconf 87' lang='lat' dir='ltr'>quam</span> <span class='ocrx_word' id='word_1_62' title='bbox 1409 1114 1565 1161; x_wconf 88' lang='lat' dir='ltr'>domus</span> <span class='ocrx_word' id='word_1_63' title='bbox 1586 1125 1665 1161; x_wconf 87' lang='lat' dir='ltr'>est.</span> 
     </span>
     <span class='ocr_line' id='line_1_10' title="bbox 276 1175 1671 1247; baseline 0.001 -17"><span class='ocrx_word' id='word_1_64' title='bbox 276 1183 363 1230; x_wconf 90' lang='lat' dir='ltr'>Sed</span> <span class='ocrx_word' id='word_1_65' title='bbox 385 1200 475 1230; x_wconf 90' lang='lat' dir='ltr'>non</span> <span class='ocrx_word' id='word_1_66' title='bbox 492 1184 594 1230; x_wconf 89' lang='lat' dir='ltr'>inde</span> <span class='ocrx_word' id='word_1_67' title='bbox 610 1201 704 1230; x_wconf 87' lang='lat' dir='ltr'>sum</span> <span class='ocrx_word' id='word_1_68' title='bbox 723 1186 877 1232; x_wconf 90' lang='lat' dir='ltr'>melior</span> <span class='ocrx_word' id='word_1_69' title='bbox 899 1175 1136 1232; x_wconf 71' lang='lat' dir='ltr'>hirundine</span> <span class='ocrx_word' id='word_1_70' title='bbox 1150 1224 1160 1243; x_wconf 81' lang='lat'>,</span> <span class='ocrx_word' id='word_1_71' title='bbox 1186 1197 1261 1232; x_wconf 89' lang='lat' dir='ltr'>aut</span> <span class='ocrx_word' id='word_1_72' title='bbox 1280 1185 1474 1247; x_wconf 82' lang='lat' dir='ltr'>apicula,</span> <span class='ocrx_word' id='word_1_73' title='bbox 1500 1203 1602 1232; x_wconf 84' lang='lat' dir='ltr'>nam</span> <span class='ocrx_word' id='word_1_74' title='bbox 1626 1194 1671 1231; x_wconf 89' lang='lat' dir='ltr'>ct</span> 
     </span>
     <span class='ocr_line' id='line_1_11' title="bbox 272 1256 1670 1319; baseline 0.002 -19"><span class='ocrx_word' id='word_1_75' title='bbox 272 1256 347 1302; x_wconf 89' lang='lat' dir='ltr'>illa</span> <span class='ocrx_word' id='word_1_76' title='bbox 369 1257 494 1304; x_wconf 86' lang='lat' dir='ltr'>nidos</span> <span class='ocrx_word' id='word_1_77' title='bbox 517 1258 682 1303; x_wconf 84' lang='lat' dir='ltr'>affabre</span> <span class='ocrx_word' id='word_1_78' title='bbox 701 1259 852 1315; x_wconf 74' lang='lat' dir='ltr'>struit,</span> <span class='ocrx_word' id='word_1_79' title='bbox 872 1269 914 1304; x_wconf 85' lang='lat' dir='ltr'>et</span> <span class='ocrx_word' id='word_1_80' title='bbox 926 1259 999 1304; x_wconf 87' lang='lat' dir='ltr'>illa</span> <span class='ocrx_word' id='word_1_81' title='bbox 1019 1258 1161 1304; x_wconf 87' lang='lat' dir='ltr'>favos:</span> <span class='ocrx_word' id='word_1_82' title='bbox 1184 1258 1259 1303; x_wconf 90' lang='lat' dir='ltr'>sed</span> <span class='ocrx_word' id='word_1_83' title='bbox 1276 1259 1343 1304; x_wconf 86' lang='lat' dir='ltr'>his</span> <span class='ocrx_word' id='word_1_84' title='bbox 1364 1259 1542 1315; x_wconf 82' lang='lat' dir='ltr'>melior,</span> <span class='ocrx_word' id='word_1_85' title='bbox 1568 1259 1670 1319; x_wconf 89' lang='lat' dir='ltr'>quia</span> 
     </span>
     <span class='ocr_line' id='line_1_12' title="bbox 276 1328 1670 1375; baseline 0.001 -3"><span class='ocrx_word' id='word_1_86' title='bbox 276 1328 489 1374; x_wconf 76' lang='lat' dir='ltr'>rationale</span> <span class='ocrx_word' id='word_1_87' title='bbox 513 1329 674 1374; x_wconf 88' lang='lat' dir='ltr'>animal</span> <span class='ocrx_word' id='word_1_88' title='bbox 696 1346 807 1375; x_wconf 87' lang='lat' dir='ltr'>sum.</span> <span class='ocrx_word' id='word_1_89' title='bbox 835 1334 892 1375; x_wconf 77' lang='lat' dir='ltr'>At</span> <span class='ocrx_word' id='word_1_90' title='bbox 929 1330 963 1375; x_wconf 88' lang='lat' dir='ltr'>si</span> <span class='ocrx_word' id='word_1_91' title='bbox 997 1330 1043 1375; x_wconf 89' lang='lat' dir='ltr'>in</span> <span class='ocrx_word' id='word_1_92' title='bbox 1066 1330 1167 1374; x_wconf 88' lang='lat' dir='ltr'>ratis</span> <span class='ocrx_word' id='word_1_93' title='bbox 1190 1329 1537 1375; x_wconf 82' lang='lat' dir='ltr'>dimensionibus</span> <span class='ocrx_word' id='word_1_94' title='bbox 1561 1330 1670 1375; x_wconf 85' lang='lat' dir='ltr'>ratio</span> 
     </span>
     <span class='ocr_line' id='line_1_13' title="bbox 273 1400 1671 1463; baseline 0.001 -18"><span class='ocrx_word' id='word_1_95' title='bbox 273 1410 362 1456; x_wconf 86' lang='lat' dir='ltr'>cst,</span> <span class='ocrx_word' id='word_1_96' title='bbox 399 1400 720 1463; x_wconf 83' lang='lat' dir='ltr'>numquidnam</span> <span class='ocrx_word' id='word_1_97' title='bbox 754 1412 797 1446; x_wconf 91' lang='lat' dir='ltr'>ct</span> <span class='ocrx_word' id='word_1_98' title='bbox 829 1418 926 1446; x_wconf 86' lang='lat' dir='ltr'>aves</span> <span class='ocrx_word' id='word_1_99' title='bbox 965 1401 1087 1463; x_wconf 90' lang='lat' dir='ltr'>quod</span> <span class='ocrx_word' id='word_1_100' title='bbox 1118 1400 1358 1457; x_wconf 78' lang='lat' dir='ltr'>fabricant,</span> <span class='ocrx_word' id='word_1_101' title='bbox 1389 1402 1533 1446; x_wconf 88' lang='lat' dir='ltr'>minus</span> <span class='ocrx_word' id='word_1_102' title='bbox 1571 1411 1671 1461; x_wconf 88' lang='lat' dir='ltr'>apte</span> 
     </span>
     <span class='ocr_line' id='line_1_14' title="bbox 273 1472 1672 1535; baseline 0 -18"><span class='ocrx_word' id='word_1_103' title='bbox 273 1476 657 1535; x_wconf 78' lang='lat' dir='ltr'>congruenterque</span> <span class='ocrx_word' id='word_1_104' title='bbox 700 1472 948 1518; x_wconf 88' lang='lat' dir='ltr'>dimensum</span> <span class='ocrx_word' id='word_1_105' title='bbox 995 1476 1095 1519; x_wconf 79' lang='lat' dir='ltr'>est-P</span> <span class='ocrx_word' id='word_1_106' title='bbox 1131 1476 1227 1519; x_wconf 91' lang='lat' dir='ltr'>Imo</span> <span class='ocrx_word' id='word_1_107' title='bbox 1269 1472 1672 1518; x_wconf 87' lang='lat' dir='ltr'>numerosissimum</span> 
     </span>
     <span class='ocr_line' id='line_1_15' title="bbox 274 1543 1673 1604; baseline 0 -16"><span class='ocrx_word' id='word_1_108' title='bbox 274 1553 353 1589; x_wconf 82' lang='lat' dir='ltr'>cst.</span> <span class='ocrx_word' id='word_1_109' title='bbox 379 1547 478 1591; x_wconf 90' lang='lat' dir='ltr'>Non</span> <span class='ocrx_word' id='word_1_110' title='bbox 498 1560 602 1604; x_wconf 78' lang='lat' dir='ltr'>ergo</span> <span class='ocrx_word' id='word_1_111' title='bbox 634 1560 865 1590; x_wconf 88' lang='lat' dir='ltr'>numerosa</span> <span class='ocrx_word' id='word_1_112' title='bbox 887 1543 1088 1590; x_wconf 87' lang='lat' dir='ltr'>faciendo</span> <span class='ocrx_word' id='word_1_113' title='bbox 1104 1581 1114 1599; x_wconf 75' lang='grc'>,</span> <span class='ocrx_word' id='word_1_114' title='bbox 1135 1543 1212 1589; x_wconf 90' lang='lat' dir='ltr'>sed</span> <span class='ocrx_word' id='word_1_115' title='bbox 1243 1559 1449 1590; x_wconf 88' lang='lat' dir='ltr'>numeros</span> <span class='ocrx_word' id='word_1_116' title='bbox 1483 1559 1673 1603; x_wconf 82' lang='lat' dir='ltr'>cognos-</span> 
     </span>
     <span class='ocr_line' id='line_1_16' title="bbox 278 1614 1673 1675; baseline -0.002 -14"><span class='ocrx_word' id='word_1_117' title='bbox 278 1616 420 1661; x_wconf 90' lang='lat' dir='ltr'>cendo</span> <span class='ocrx_word' id='word_1_118' title='bbox 440 1652 451 1671; x_wconf 77' lang='grc'>,</span> <span class='ocrx_word' id='word_1_119' title='bbox 482 1615 636 1660; x_wconf 88' lang='lat' dir='ltr'>melior</span> <span class='ocrx_word' id='word_1_120' title='bbox 668 1631 780 1660; x_wconf 85' lang='lat' dir='ltr'>sum.</span> <span class='ocrx_word' id='word_1_121' title='bbox 807 1615 925 1669; x_wconf 85' lang='lat' dir='ltr'>Quid</span> <span class='ocrx_word' id='word_1_122' title='bbox 947 1632 1073 1675; x_wconf 72' lang='lat' dir='ltr'>ergo,</span> <span class='ocrx_word' id='word_1_123' title='bbox 1101 1615 1188 1660; x_wconf 84' lang='lat' dir='ltr'>illae</span> <span class='ocrx_word' id='word_1_124' title='bbox 1221 1615 1460 1660; x_wconf 77' lang='lat' dir='ltr'>nescientes</span> <span class='ocrx_word' id='word_1_125' title='bbox 1501 1614 1673 1675; x_wconf 90' lang='lat' dir='ltr'>operari</span> 
     </span>
     <span class='ocr_line' id='line_1_17' title="bbox 278 1685 1672 1748; baseline -0.001 -16"><span class='ocrx_word' id='word_1_126' title='bbox 278 1704 511 1733; x_wconf 86' lang='lat' dir='ltr'>numerosa</span> <span class='ocrx_word' id='word_1_127' title='bbox 532 1689 764 1748; x_wconf 80' lang='lat' dir='ltr'>poterant?</span> <span class='ocrx_word' id='word_1_128' title='bbox 786 1691 994 1732; x_wconf 78' lang='lat' dir='ltr'>Poterant</span> <span class='ocrx_word' id='word_1_129' title='bbox 1015 1687 1229 1747; x_wconf 84' lang='lat' dir='ltr'>profecto.</span> <span class='ocrx_word' id='word_1_130' title='bbox 1253 1686 1379 1731; x_wconf 87' lang='lat' dir='ltr'>Unde</span> <span class='ocrx_word' id='word_1_131' title='bbox 1397 1685 1444 1731; x_wconf 91' lang='lat' dir='ltr'>id</span> <span class='ocrx_word' id='word_1_132' title='bbox 1460 1686 1672 1732; x_wconf 79' lang='lat' dir='ltr'>docetur?</span> 
     </span>
     <span class='ocr_line' id='line_1_18' title="bbox 277 1757 1672 1821; baseline -0.002 -17"><span class='ocrx_word' id='word_1_133' title='bbox 277 1762 342 1804; x_wconf 87' lang='lat' dir='ltr'>Ex</span> <span class='ocrx_word' id='word_1_134' title='bbox 376 1775 427 1805; x_wconf 90' lang='lat' dir='ltr'>co</span> <span class='ocrx_word' id='word_1_135' title='bbox 462 1759 584 1821; x_wconf 90' lang='lat' dir='ltr'>quod</span> <span class='ocrx_word' id='word_1_136' title='bbox 616 1776 695 1805; x_wconf 92' lang='lat' dir='ltr'>nos</span> <span class='ocrx_word' id='word_1_137' title='bbox 723 1775 900 1820; x_wconf 85' lang='lat' dir='ltr'>qnoque</span> <span class='ocrx_word' id='word_1_138' title='bbox 938 1758 1065 1803; x_wconf 87' lang='lat' dir='ltr'>certis</span> <span class='ocrx_word' id='word_1_139' title='bbox 1101 1757 1447 1802; x_wconf 85' lang='lat' dir='ltr'>dimensionibus</span> <span class='ocrx_word' id='word_1_140' title='bbox 1474 1757 1672 1817; x_wconf 80' lang='lat' dir='ltr'>linguam</span> 
     </span>
     <span class='ocr_line' id='line_1_19' title="bbox 281 1828 1672 1890; baseline -0.002 -15"><span class='ocrx_word' id='word_1_141' title='bbox 281 1831 491 1875; x_wconf 86' lang='lat' dir='ltr'>dentibus</span> <span class='ocrx_word' id='word_1_142' title='bbox 514 1840 557 1874; x_wconf 87' lang='lat' dir='ltr'>et</span> <span class='ocrx_word' id='word_1_143' title='bbox 577 1829 723 1890; x_wconf 86' lang='lat' dir='ltr'>palato</span> <span class='ocrx_word' id='word_1_144' title='bbox 756 1828 1137 1874; x_wconf 77' lang='lat' dir='ltr'>accommodamus</span> <span class='ocrx_word' id='word_1_145' title='bbox 1155 1864 1166 1885; x_wconf 77' lang='lat'><strong>‚</strong></span> <span class='ocrx_word' id='word_1_146' title='bbox 1192 1838 1243 1873; x_wconf 90' lang='lat' dir='ltr'>ut</span> <span class='ocrx_word' id='word_1_147' title='bbox 1268 1845 1319 1873; x_wconf 85' lang='lat' dir='ltr'>ex</span> <span class='ocrx_word' id='word_1_148' title='bbox 1342 1844 1416 1873; x_wconf 86' lang='lat' dir='ltr'>ore</span> <span class='ocrx_word' id='word_1_149' title='bbox 1436 1828 1594 1873; x_wconf 81' lang='lat' dir='ltr'>litterae</span> <span class='ocrx_word' id='word_1_150' title='bbox 1623 1844 1672 1873; x_wconf 88' lang='lat' dir='ltr'>ac</span> 
     </span>
     <span class='ocr_line' id='line_1_20' title="bbox 277 1898 1668 1961; baseline -0.002 -14"><span class='ocrx_word' id='word_1_151' title='bbox 277 1901 410 1947; x_wconf 84' lang='lat' dir='ltr'>verba</span> <span class='ocrx_word' id='word_1_152' title='bbox 429 1911 748 1961; x_wconf 72' lang='lat' dir='ltr'>prorumpant,</span> <span class='ocrx_word' id='word_1_153' title='bbox 774 1917 854 1944; x_wconf 87' lang='lat' dir='ltr'>nec</span> <span class='ocrx_word' id='word_1_154' title='bbox 875 1909 1016 1944; x_wconf 84' lang='lat' dir='ltr'>tamen</span> <span class='ocrx_word' id='word_1_155' title='bbox 1037 1900 1278 1959; x_wconf 77' lang='lat' dir='ltr'>cogitamus</span> <span class='ocrx_word' id='word_1_156' title='bbox 1300 1915 1401 1944; x_wconf 90' lang='lat' dir='ltr'>cum</span> <span class='ocrx_word' id='word_1_157' title='bbox 1420 1898 1668 1960; x_wconf 77' lang='lat' dir='ltr'>loquimur,</span> 
     </span>
     <span class='ocr_line' id='line_1_21' title="bbox 277 1970 1671 2034; baseline -0.002 -16"><span class='ocrx_word' id='word_1_158' title='bbox 277 1990 366 2034; x_wconf 87' lang='lat' dir='ltr'>quo</span> <span class='ocrx_word' id='word_1_159' title='bbox 389 1982 513 2018; x_wconf 85' lang='lat' dir='ltr'>motu</span> <span class='ocrx_word' id='word_1_160' title='bbox 541 1972 626 2017; x_wconf 87' lang='lat' dir='ltr'>oris</span> <span class='ocrx_word' id='word_1_161' title='bbox 646 1971 691 2016; x_wconf 90' lang='lat' dir='ltr'>id</span> <span class='ocrx_word' id='word_1_162' title='bbox 729 1970 870 2016; x_wconf 85' lang='lat' dir='ltr'>facere</span> <span class='ocrx_word' id='word_1_163' title='bbox 909 1971 1163 2016; x_wconf 88' lang='lat' dir='ltr'>debeamus.</span> <span class='ocrx_word' id='word_1_164' title='bbox 1191 1972 1358 2016; x_wconf 84' lang='lat' dir='ltr'>Deinde</span> <span class='ocrx_word' id='word_1_165' title='bbox 1399 1971 1496 2032; x_wconf 91' lang='lat' dir='ltr'>quis</span> <span class='ocrx_word' id='word_1_166' title='bbox 1528 1972 1671 2016; x_wconf 87' lang='lat' dir='ltr'>bonus</span> 
     </span>
     <span class='ocr_line' id='line_1_22' title="bbox 277 2041 1673 2102; baseline -0.001 -13"><span class='ocrx_word' id='word_1_167' title='bbox 277 2053 498 2100; x_wconf 75' lang='lat' dir='ltr'>cantator,</span> <span class='ocrx_word' id='word_1_168' title='bbox 524 2043 653 2087; x_wconf 86' lang='lat' dir='ltr'>etiam</span> <span class='ocrx_word' id='word_1_169' title='bbox 688 2043 720 2087; x_wconf 92' lang='lat' dir='ltr'>si</span> <span class='ocrx_word' id='word_1_170' title='bbox 749 2043 925 2088; x_wconf 80' lang='lat' dir='ltr'>musicae</span> <span class='ocrx_word' id='word_1_171' title='bbox 949 2042 1003 2087; x_wconf 90' lang='lat' dir='ltr'>sit</span> <span class='ocrx_word' id='word_1_172' title='bbox 1024 2042 1272 2102; x_wconf 81' lang='lat' dir='ltr'>imperitus,</span> <span class='ocrx_word' id='word_1_173' title='bbox 1291 2058 1382 2087; x_wconf 89' lang='lat' dir='ltr'>non</span> <span class='ocrx_word' id='word_1_174' title='bbox 1419 2041 1513 2102; x_wconf 87' lang='lat' dir='ltr'>ipso</span> <span class='ocrx_word' id='word_1_175' title='bbox 1543 2058 1673 2087; x_wconf 89' lang='lat' dir='ltr'>sensu</span> 
     </span>
     <span class='ocr_line' id='line_1_23' title="bbox 277 2113 1673 2174; baseline -0.003 -13"><span class='ocrx_word' id='word_1_176' title='bbox 277 2115 466 2161; x_wconf 88' lang='lat' dir='ltr'>naturali</span> <span class='ocrx_word' id='word_1_177' title='bbox 484 2124 527 2160; x_wconf 84' lang='lat' dir='ltr'>et</span> <span class='ocrx_word' id='word_1_178' title='bbox 548 2115 806 2174; x_wconf 74' lang='lat' dir='ltr'>rhythmum</span> <span class='ocrx_word' id='word_1_179' title='bbox 826 2123 870 2159; x_wconf 92' lang='lat' dir='ltr'>et</span> <span class='ocrx_word' id='word_1_180' title='bbox 891 2113 1025 2159; x_wconf 89' lang='lat' dir='ltr'>melos</span> <span class='ocrx_word' id='word_1_181' title='bbox 1048 2124 1306 2174; x_wconf 84' lang='lat' dir='ltr'>perceptum</span> <span class='ocrx_word' id='word_1_182' title='bbox 1330 2114 1539 2158; x_wconf 87' lang='lat' dir='ltr'>memoria</span> <span class='ocrx_word' id='word_1_183' title='bbox 1572 2129 1673 2158; x_wconf 90' lang='lat' dir='ltr'>cus-</span> 
     </span>
     <span class='ocr_line' id='line_1_24' title="bbox 277 2184 1672 2247; baseline -0.001 -15"><span class='ocrx_word' id='word_1_184' title='bbox 277 2187 419 2233; x_wconf 87' lang='lat' dir='ltr'>todiat</span> <span class='ocrx_word' id='word_1_185' title='bbox 439 2188 484 2231; x_wconf 88' lang='lat' dir='ltr'>in</span> <span class='ocrx_word' id='word_1_186' title='bbox 500 2185 724 2232; x_wconf 76' lang='lat' dir='ltr'>canendo?</span> <span class='ocrx_word' id='word_1_187' title='bbox 740 2202 828 2246; x_wconf 86' lang='lat' dir='ltr'>quo</span> <span class='ocrx_word' id='word_1_188' title='bbox 851 2184 959 2247; x_wconf 82' lang='lat' dir='ltr'>quid</span> <span class='ocrx_word' id='word_1_189' title='bbox 980 2186 1073 2230; x_wconf 84' lang='lat' dir='ltr'>fieri</span> <span class='ocrx_word' id='word_1_190' title='bbox 1086 2185 1358 2230; x_wconf 88' lang='lat' dir='ltr'>numerosius</span> <span class='ocrx_word' id='word_1_191' title='bbox 1381 2187 1554 2245; x_wconf 79' lang='lat' dir='ltr'>potest?</span> <span class='ocrx_word' id='word_1_192' title='bbox 1577 2187 1672 2230; x_wconf 91' lang='lat' dir='ltr'>Hoc</span> 
     </span>
     <span class='ocr_line' id='line_1_25' title="bbox 278 2256 1671 2317; baseline -0.001 -14"><span class='ocrx_word' id='word_1_193' title='bbox 278 2259 417 2303; x_wconf 87' lang='lat' dir='ltr'>nescit</span> <span class='ocrx_word' id='word_1_194' title='bbox 438 2258 663 2313; x_wconf 81' lang='lat' dir='ltr'>indoctus⁷</span> <span class='ocrx_word' id='word_1_195' title='bbox 683 2257 759 2302; x_wconf 88' lang='lat' dir='ltr'>sed</span> <span class='ocrx_word' id='word_1_196' title='bbox 782 2267 928 2302; x_wconf 88' lang='lat' dir='ltr'>tamen</span> <span class='ocrx_word' id='word_1_197' title='bbox 945 2256 1051 2302; x_wconf 84' lang='lat' dir='ltr'>facit</span> <span class='ocrx_word' id='word_1_198' title='bbox 1063 2266 1272 2317; x_wconf 86' lang='lat' dir='ltr'>operante</span> <span class='ocrx_word' id='word_1_199' title='bbox 1294 2266 1465 2301; x_wconf 88' lang='lat' dir='ltr'>natura.</span> <span class='ocrx_word' id='word_1_200' title='bbox 1483 2256 1671 2311; x_wconf 86' lang='lat' dir='ltr'>Quando</span> 
     </span>
     <span class='ocr_line' id='line_1_26' title="bbox 280 2327 1672 2388; baseline -0.001 -15"><span class='ocrx_word' id='word_1_201' title='bbox 280 2339 426 2373; x_wconf 87' lang='lat' dir='ltr'>autem</span> <span class='ocrx_word' id='word_1_202' title='bbox 448 2330 624 2385; x_wconf 78' lang='lat' dir='ltr'>melior,</span> <span class='ocrx_word' id='word_1_203' title='bbox 646 2338 690 2373; x_wconf 84' lang='lat' dir='ltr'>et</span> <span class='ocrx_word' id='word_1_204' title='bbox 710 2328 940 2388; x_wconf 84' lang='lat' dir='ltr'>pecoribus</span> <span class='ocrx_word' id='word_1_205' title='bbox 963 2327 1315 2388; x_wconf 58' lang='lat' dir='ltr'>praeponendus?</span> <span class='ocrx_word' id='word_1_206' title='bbox 1338 2327 1527 2381; x_wconf 85' lang='lat' dir='ltr'>Quando</span> <span class='ocrx_word' id='word_1_207' title='bbox 1549 2328 1672 2372; x_wconf 90' lang='lat' dir='ltr'>novit</span> 
     </span>
     <span class='ocr_line' id='line_1_27' title="bbox 279 2399 1668 2462; baseline 0 -16"><span class='ocrx_word' id='word_1_208' title='bbox 279 2402 400 2462; x_wconf 79' lang='lat' dir='ltr'>quod</span> <span class='ocrx_word' id='word_1_209' title='bbox 422 2401 555 2446; x_wconf 74' lang='lat' dir='ltr'>facit?</span> <span class='ocrx_word' id='word_1_210' title='bbox 572 2405 630 2446; x_wconf 80' lang='lat' dir='ltr'>At</span> <span class='ocrx_word' id='word_1_211' title='bbox 656 2401 765 2445; x_wconf 86' lang='lat' dir='ltr'>nihil</span> <span class='ocrx_word' id='word_1_212' title='bbox 791 2401 910 2445; x_wconf 84' lang='lat' dir='ltr'>alind</span> <span class='ocrx_word' id='word_1_213' title='bbox 934 2416 1003 2446; x_wconf 89' lang='lat' dir='ltr'>me</span> <span class='ocrx_word' id='word_1_214' title='bbox 1021 2401 1167 2461; x_wconf 84' lang='lat' dir='ltr'>pecori</span> <span class='ocrx_word' id='word_1_215' title='bbox 1188 2400 1429 2461; x_wconf 66' lang='lat' dir='ltr'>praeponit,</span> <span class='ocrx_word' id='word_1_216' title='bbox 1447 2400 1529 2444; x_wconf 90' lang='lat' dir='ltr'>nisi</span> <span class='ocrx_word' id='word_1_217' title='bbox 1547 2399 1668 2461; x_wconf 89' lang='lat' dir='ltr'>quod</span> 
     </span>
     <span class='ocr_line' id='line_1_28' title="bbox 281 2472 803 2518; baseline -0.002 -1"><span class='ocrx_word' id='word_1_218' title='bbox 281 2472 490 2518; x_wconf 84' lang='lat' dir='ltr'>rationale</span> <span class='ocrx_word' id='word_1_219' title='bbox 515 2473 674 2517; x_wconf 85' lang='lat' dir='ltr'>animal</span> <span class='ocrx_word' id='word_1_220' title='bbox 693 2489 803 2517; x_wconf 86' lang='lat' dir='ltr'>sum.</span> 
     </span>
    </p>

    <p class='ocr_par' dir='ltr' id='par_1_6' title="bbox 279 2542 1669 2673">
     <span class='ocr_line' id='line_1_29' title="bbox 340 2542 1669 2603; baseline -0.002 -15"><span class='ocrx_word' id='word_1_221' title='bbox 340 2547 390 2588; x_wconf 91' lang='lat' dir='ltr'>L.</span> <span class='ocrx_word' id='word_1_222' title='bbox 425 2543 656 2597; x_wconf 88' lang='lat' dir='ltr'>Quomodo</span> <span class='ocrx_word' id='word_1_223' title='bbox 678 2544 810 2603; x_wconf 80' lang='lat' dir='ltr'>igitur</span> <span class='ocrx_word' id='word_1_224' title='bbox 840 2543 1094 2587; x_wconf 82' lang='lat' dir='ltr'>immortalis</span> <span class='ocrx_word' id='word_1_225' title='bbox 1117 2551 1181 2587; x_wconf 83' lang='lat' dir='ltr'>cst</span> <span class='ocrx_word' id='word_1_226' title='bbox 1208 2543 1340 2597; x_wconf 70' lang='lat' dir='ltr'>ratio,</span> <span class='ocrx_word' id='word_1_227' title='bbox 1365 2551 1409 2587; x_wconf 84' lang='lat' dir='ltr'>et</span> <span class='ocrx_word' id='word_1_228' title='bbox 1439 2557 1518 2600; x_wconf 84' lang='lat' dir='ltr'>ego</span> <span class='ocrx_word' id='word_1_229' title='bbox 1540 2542 1669 2587; x_wconf 92' lang='lat' dir='ltr'>simul</span> 
     </span>
     <span class='ocr_line' id='line_1_30' title="bbox 279 2612 1667 2673; baseline -0.001 -15"><span class='ocrx_word' id='word_1_230' title='bbox 279 2623 322 2658; x_wconf 83' lang='lat' dir='ltr'>ct</span> <span class='ocrx_word' id='word_1_231' title='bbox 360 2614 566 2659; x_wconf 85' lang='lat' dir='ltr'>rationale</span> <span class='ocrx_word' id='word_1_232' title='bbox 598 2624 641 2658; x_wconf 87' lang='lat' dir='ltr'>ct</span> <span class='ocrx_word' id='word_1_233' title='bbox 664 2614 846 2659; x_wconf 82' lang='lat' dir='ltr'>mortale</span> <span class='ocrx_word' id='word_1_234' title='bbox 881 2612 1090 2673; x_wconf 80' lang='lat' dir='ltr'>quiddam</span> <span class='ocrx_word' id='word_1_235' title='bbox 1112 2629 1201 2657; x_wconf 81' lang='lat' dir='ltr'>esse</span> <span class='ocrx_word' id='word_1_236' title='bbox 1234 2613 1450 2659; x_wconf 77' lang='lat' dir='ltr'>definior?</span> <span class='ocrx_word' id='word_1_237' title='bbox 1468 2616 1535 2657; x_wconf 90' lang='lat' dir='ltr'>An</span> <span class='ocrx_word' id='word_1_238' title='bbox 1558 2614 1667 2657; x_wconf 85' lang='lat' dir='ltr'>ratio</span> 
     </span>
    </p>
   </div>
  </div>
 </body>
</html>
