1883 3194
269 184 324 222 30
692 192 726 220 s.
763 193 785 219 A
796 196 809 220 1
823 194 998 221 eus'rmi
1032 194 1230 223 EPLSCOM.

266 346 364 364 ΜΛἋΚ
370 347 436 363 xvv·
441 346 723 364 ΊΝΜΝΙΑΑΜἏΝΑΜ
728 348 797 364 W&
803 348 941 365 νὶΜνὶΛΝἱ
947 348 1372 367 ΜΜΜΊΜΊΜΜΜΜΦΜ
1378 350 1444 368 νυνὶ
1450 351 1583 368 *svumss
1588 353 1654 370 νυνὶ

783 483 1002 535 CAPUT
1049 487 1136 536 Vl.

796 635 1041 669 DISPUTATIO
1065 636 1122 669 111.

259 764 527 827 Sapientiae
542 763 758 829 definitio
776 763 927 812 datar
938 775 985 813 ec
1007 767 1337 831 impugnatur.
1353 794 1414 807 --
1426 767 1665 818 Albz’eerii

780 835 1120 885 divinationes.

314 989 436 1032 XVI.
466 989 638 1032 Dea-DE
671 1002 772 1032 mox
793 996 845 1033 ut
865 986 1030 1046 illuxit,
1055 989 1116 1034 ita
1137 988 1256 1034 enim
1278 1004 1346 1035 res
1371 998 1496 1035 erant
1516 989 1660 1051 pridie

254 1059 528 1116 constitutae,
553 1068 604 1104 ut
624 1058 797 1120 largum
829 1070 940 1106 esset
977 1060 1140 1118 otium,
1177 1063 1324 1107 statim
1357 1062 1660 1123 peragendum

253 1132 482 1192 negotium
504 1140 756 1193 susceptum
778 1141 857 1176 est.
885 1135 999 1177 Tum
1031 1148 1138 1193 ego:
1171 1134 1276 1178 Heri
1300 1133 1554 1194 postulasti,
1585 1134 1658 1178 in-

251 1220 408 1267 quam,
437 1205 616 1265 Trygeti
630 1240 641 1261 ,
667 1213 718 1249 ut
733 1204 925 1266 ajudicis
948 1221 1131 1251 munere
1154 1207 1210 1251 ad
1227 1207 1451 1267 sapientiae
1462 1207 1658 1268 patroci—

250 1278 375 1322 nium
407 1275 717 1322 descenderem
737 1275 755 1321 :'
781 1276 906 1338 quasi
935 1292 1041 1322 vero
1077 1292 1348 1339 quemquam
1380 1278 1427 1322 in
1457 1294 1659 1324 sermone

249 1358 396 1394 vestro
428 1347 723 1393 adversarium
755 1348 967 1408 sapientia
999 1358 1249 1408 pateretur7
1281 1358 1359 1394 aut
1378 1348 1472 1395 ullo
1497 1349 1658 1395 defen-

247 1420 379 1466 (lente
401 1420 461 1465 ita
482 1419 718 1476 laboraret,
737 1427 788 1463 ut
808 1419 947 1479 majus
963 1418 1197 1480 implorare
1216 1419 1400 1465 deberet
1419 1420 1652 1466 auxilium.

249 1494 361 1539 Nam
379 1508 525 1554 neque
541 1492 655 1536 inter
676 1507 753 1536 vos
772 1488 893 1535 aliud
914 1490 1206 1551 quaerendum
1227 1500 1382 1536 natum
1403 1501 1468 1538 est
1482 1527 1493 1549 ,
1518 1509 1656 1554 quam

248 1565 357 1628 quid
378 1566 432 1611 sit
454 1564 665 1626 sapientia
681 1600 692 1620 ,
717 1563 764 1608 in
783 1579 873 1625 quo
889 1579 986 1608 eam
1007 1573 1203 1609 vestrum
1225 1574 1381 1610 neuter
1403 1568 1651 1626 oppugnat,

248 1639 352 1700 quia
374 1647 561 1698 uterque
584 1635 816 1680 desiderat.
842 1637 995 1696 Neque
1007 1635 1040 1679 si
1062 1644 1113 1680 tu
1134 1636 1180 1680 in
1203 1635 1454 1682 definienda
1475 1638 1652 1698 sapien-

247 1711 305 1756 tia
321 1709 530 1755 defecisse
552 1717 594 1754 te
605 1716 750 1769 putas,
765 1715 998 1768 propterea
1015 1706 1183 1768 reliqua
1198 1705 1395 1753 defensio
1418 1708 1649 1755 sententiae
1680 1750 1683 1753 .

252 1794 337 1830 tuae
363 1783 443 1828 tibi
469 1780 709 1827 deserenda
731 1789 810 1825 est.
838 1783 993 1841 Itaque
1028 1796 1053 1825 a
1079 1795 1151 1825 me
1182 1780 1293 1825 nihil
1315 1779 1436 1826 aliud
1468 1781 1652 1827 habebis

248 1871 384 1918 quam
415 1853 718 1900 definitionem
754 1851 1004 1912 sapientiae,
1040 1868 1140 1919 quae
1179 1866 1260 1896 nec
1291 1866 1388 1897 mea
1421 1867 1503 1897 nec
1535 1868 1652 1899 nova

248 1937 327 1985 est,
344 1926 420 1973 sed
433 1935 477 1971 et
490 1925 734 1987 priscorum
746 1922 996 1979 hominum,
1013 1931 1056 1966 et
1071 1937 1206 1984 quam
1225 1938 1302 1968 vos
1320 1922 1454 1968 mirer
1471 1939 1562 1969 non
1581 1940 1650 1970 re-

247 1999 434 2046 cordari.
458 2001 558 2044 Non
583 1996 701 2042 enim
722 2010 841 2040 nunc
863 1993 1057 2054 pvimum
1083 1992 1242 2038 auditis
1266 1996 1536 2041 SAPIENTIAM
1558 2010 1650 2042 esse

247 2087 395 2118 rerum
419 2071 715 2115 humanarum
744 2065 1082 2126 divinarumque
1104 2064 1346 2110 scientiam.

304 2145 449 2189 XVII.
476 2141 557 2187 Hic
572 2139 794 2185 Licentius
806 2174 817 2194 ,
836 2152 969 2198 quem
986 2145 1085 2197 post
1099 2136 1225 2181 istam
1247 2134 1551 2182 definitionem
1568 2136 1643 2188 diu

244 2216 456 2278 putabam
478 2212 768 2275 quaesiturum
796 2225 884 2254 esse
913 2207 1036 2270 quod
1057 2207 1236 2264 diceret,
1262 2208 1448 2270 subjecit
1469 2210 1640 2256 statim:

244 2292 335 2335 Cur
353 2304 455 2347 ergo
472 2303 578 2343 11011,
594 2300 759 2346 quaeso,
777 2282 1018 2343 sapientem
1034 2296 1242 2326 vocamus
1258 2280 1644 2340 flagitiosissimum

244 2363 369 2408 illum
393 2360 634 2414 hominem,
663 2371 797 2418 quem
825 2355 906 2415 ipsi
927 2354 1040 2399 hene
1067 2354 1268 2398 novimus
1302 2369 1381 2414 per
1411 2354 1641 2401 innumera

242 2444 383 2480 scorta
408 2432 545 2478 solere
580 2429 781 2475 dissolvi:
816 2425 1086 2472 Albieerium
1112 2424 1211 2470 dico
1233 2424 1360 2470 illum
1375 2461 1386 2482 ‚
1422 2428 1499 2488 qui
1521 2427 1640 2488 apud

242 2506 551 2566 Carthaginem
585 2502 747 2547 multos
781 2515 916 2544 annos
949 2497 1280 2544 consulentibus
1301 2498 1411 2543 mira
1432 2499 1638 2560 quaedam

242 2590 284 2625 et
305 2587 422 2624 certa
439 2573 694 2637 respondit?
720 2570 1065 2618 Innumerabilia
1089 2585 1432 2618 commemorare
1446 2587 1632 2632 possem,
