<?xml version="1.0" encoding="UTF-8"?>
<!DOCTYPE html PUBLIC "-//W3C//DTD XHTML 1.0 Transitional//EN"
    "http://www.w3.org/TR/xhtml1/DTD/xhtml1-transitional.dtd">
<html xmlns="http://www.w3.org/1999/xhtml" xml:lang="en" lang="en">
 <head>
  <title>
</title>
<meta http-equiv="Content-Type" content="text/html;charset=utf-8" />
  <meta name='ocr-system' content='tesseract 3.04.00' />
  <meta name='ocr-capabilities' content='ocr_page ocr_carea ocr_par ocr_line ocrx_word'/>
</head>
<body>
  <div class='ocr_page' id='page_1' title='image "./operaomniaaccura01auguuoft_0015.png"; bbox 0 0 1883 3194; ppageno 0'>
   <div class='ocr_carea' id='block_1_1' title="bbox 529 241 1547 288">
    <p class='ocr_par' dir='ltr' id='par_1_1' title="bbox 529 241 1547 288">
     <span class='ocr_line' id='line_1_1' title="bbox 529 241 1547 288; baseline 0 -1"><span class='ocrx_word' id='word_1_1' title='bbox 529 253 855 287; x_wconf 74' lang='lat' dir='ltr'>HIPPONENSIS</span> <span class='ocrx_word' id='word_1_2' title='bbox 890 254 1174 288; x_wconf 81' lang='lat' dir='ltr'><strong>EPISCOPUS.</strong></span> <span class='ocrx_word' id='word_1_3' title='bbox 1522 241 1547 287; x_wconf 86' lang='lat'>5</span> 
     </span>
    </p>
   </div>
   <div class='ocr_carea' id='block_1_2' title="bbox 134 338 1558 1883">
    <p class='ocr_par' dir='ltr' id='par_1_2' title="bbox 149 338 1550 484">
     <span class='ocr_line' id='line_1_2' title="bbox 150 338 1550 405; baseline 0.002 -17"><span class='ocrx_word' id='word_1_4' title='bbox 150 341 701 405; x_wconf 82' lang='lat' dir='ltr'>splendidissimumque</span> <span class='ocrx_word' id='word_1_5' title='bbox 762 342 1043 391; x_wconf 86' lang='lat' dir='ltr'>irradiando</span> <span class='ocrx_word' id='word_1_6' title='bbox 1089 342 1181 389; x_wconf 86' lang='lat' dir='ltr'>late</span> <span class='ocrx_word' id='word_1_7' title='bbox 1232 338 1340 389; x_wconf 87' lang='lat' dir='ltr'>orbi</span> <span class='ocrx_word' id='word_1_8' title='bbox 1382 342 1550 391; x_wconf 90' lang='lat' dir='ltr'>lumen</span> 
     </span>
     <span class='ocr_line' id='line_1_3' title="bbox 149 418 706 484; baseline -0.002 -16"><span class='ocrx_word' id='word_1_9' title='bbox 149 435 420 484; x_wconf 80' lang='lat' dir='ltr'>praeparare</span> <span class='ocrx_word' id='word_1_10' title='bbox 443 418 706 467; x_wconf 82' lang='lat' dir='ltr'>videbatur.</span> 
     </span>
    </p>

    <p class='ocr_par' dir='ltr' id='par_1_3' title="bbox 134 510 1558 1883">
     <span class='ocr_line' id='line_1_4' title="bbox 218 510 1552 576; baseline -0.001 -19"><span class='ocrx_word' id='word_1_11' title='bbox 218 510 346 557; x_wconf 87' lang='lat' dir='ltr'>Cum</span> <span class='ocrx_word' id='word_1_12' title='bbox 375 510 508 557; x_wconf 90' lang='lat' dir='ltr'>enim</span> <span class='ocrx_word' id='word_1_13' title='bbox 533 511 921 576; x_wconf 81' lang='lat' dir='ltr'>Hipponi-regio</span> <span class='ocrx_word' id='word_1_14' title='bbox 948 510 1139 574; x_wconf 87' lang='lat' dir='ltr'>pietatis</span> <span class='ocrx_word' id='word_1_15' title='bbox 1168 525 1307 557; x_wconf 88' lang='lat' dir='ltr'>causa</span> <span class='ocrx_word' id='word_1_16' title='bbox 1330 524 1552 556; x_wconf 75' lang='lat' dir='ltr'>versare-</span> 
     </span>
     <span class='ocr_line' id='line_1_5' title="bbox 148 587 1551 653; baseline 0.001 -20"><span class='ocrx_word' id='word_1_17' title='bbox 148 595 248 643; x_wconf 87' lang='lat' dir='ltr'>tur,</span> <span class='ocrx_word' id='word_1_18' title='bbox 274 604 301 634; x_wconf 91' lang='lat' dir='ltr'>a</span> <span class='ocrx_word' id='word_1_19' title='bbox 323 588 519 635; x_wconf 86' lang='lat' dir='ltr'>Valerio</span> <span class='ocrx_word' id='word_1_20' title='bbox 536 589 769 653; x_wconf 87' lang='lat' dir='ltr'>episcopo</span> <span class='ocrx_word' id='word_1_21' title='bbox 793 598 975 653; x_wconf 47' lang='lat' dir='ltr'>raptu&amp;</span> <span class='ocrx_word' id='word_1_22' title='bbox 999 598 1062 646; x_wconf 76' lang='lat' dir='ltr'>et,</span> <span class='ocrx_word' id='word_1_23' title='bbox 1086 589 1198 637; x_wconf 90' lang='lat' dir='ltr'>licet</span> <span class='ocrx_word' id='word_1_24' title='bbox 1219 587 1398 634; x_wconf 79' lang='lat' dir='ltr'>invitus</span> <span class='ocrx_word' id='word_1_25' title='bbox 1416 597 1551 634; x_wconf 87' lang='lat' dir='ltr'>etre-</span> 
     </span>
     <span class='ocr_line' id='line_1_6' title="bbox 147 665 1549 733; baseline 0.003 -23"><span class='ocrx_word' id='word_1_26' title='bbox 147 665 350 722; x_wconf 87' lang='lat' dir='ltr'>luctans,</span> <span class='ocrx_word' id='word_1_27' title='bbox 384 666 648 730; x_wconf 79' lang='lat' dir='ltr'>incipiente</span> <span class='ocrx_word' id='word_1_28' title='bbox 683 685 813 715; x_wconf 81' lang='lat' dir='ltr'>anno</span> <span class='ocrx_word' id='word_1_29' title='bbox 852 668 939 733; x_wconf 77' lang='lat'>391</span> <span class='ocrx_word' id='word_1_30' title='bbox 979 668 1206 715; x_wconf 76' lang='lat' dir='ltr'>sacerdos</span> <span class='ocrx_word' id='word_1_31' title='bbox 1241 675 1549 714; x_wconf 87' lang='lat' dir='ltr'>consecratus</span> 
     </span>
     <span class='ocr_line' id='line_1_7' title="bbox 151 739 1551 811; baseline 0.001 -22"><span class='ocrx_word' id='word_1_32' title='bbox 151 752 235 790; x_wconf 89' lang='lat' dir='ltr'>est.</span> <span class='ocrx_word' id='word_1_33' title='bbox 255 745 539 792; x_wconf 28' lang='lat' dir='ltr'>Nectamten</span> <span class='ocrx_word' id='word_1_34' title='bbox 560 747 790 811; x_wconf 83' lang='lat' dir='ltr'>angelicis</span> <span class='ocrx_word' id='word_1_35' title='bbox 810 747 955 793; x_wconf 88' lang='lat' dir='ltr'>etiam</span> <span class='ocrx_word' id='word_1_36' title='bbox 984 746 1204 793; x_wconf 88' lang='lat' dir='ltr'>humeris</span> <span class='ocrx_word' id='word_1_37' title='bbox 1236 739 1551 792; x_wconf 85' lang='lat' dir='ltr'>tremendum</span> 
     </span>
     <span class='ocr_line' id='line_1_8' title="bbox 149 822 1552 871; baseline 0 -3"><span class='ocrx_word' id='word_1_38' title='bbox 149 822 313 870; x_wconf 88' lang='lat' dir='ltr'>statim</span> <span class='ocrx_word' id='word_1_39' title='bbox 326 823 659 871; x_wconf 87' lang='lat' dir='ltr'>ministerium</span> <span class='ocrx_word' id='word_1_40' title='bbox 680 824 861 871; x_wconf 89' lang='lat' dir='ltr'>adoriri</span> <span class='ocrx_word' id='word_1_41' title='bbox 879 823 1104 871; x_wconf 80' lang='lat' dir='ltr'>sustinuit</span> <span class='ocrx_word' id='word_1_42' title='bbox 1122 841 1130 870; x_wconf 93' lang='lat'>:</span> <span class='ocrx_word' id='word_1_43' title='bbox 1155 823 1307 869; x_wconf 90' lang='lat' dir='ltr'>sedin</span> <span class='ocrx_word' id='word_1_44' title='bbox 1327 822 1552 869; x_wconf 78' lang='lat' dir='ltr'>solitudi-</span> 
     </span>
     <span class='ocr_line' id='line_1_9' title="bbox 149 901 1552 965; baseline -0.001 -18"><span class='ocrx_word' id='word_1_45' title='bbox 149 917 267 948; x_wconf 89' lang='lat' dir='ltr'>nem</span> <span class='ocrx_word' id='word_1_46' title='bbox 292 902 453 948; x_wconf 89' lang='lat' dir='ltr'>denuo</span> <span class='ocrx_word' id='word_1_47' title='bbox 479 919 631 964; x_wconf 89' lang='lat' dir='ltr'>usque</span> <span class='ocrx_word' id='word_1_48' title='bbox 661 903 722 950; x_wconf 90' lang='lat' dir='ltr'>ad</span> <span class='ocrx_word' id='word_1_49' title='bbox 748 903 936 950; x_wconf 80' lang='lat' dir='ltr'>Pascha</span> <span class='ocrx_word' id='word_1_50' title='bbox 956 918 1005 948; x_wconf 89' lang='lat' dir='ltr'>se</span> <span class='ocrx_word' id='word_1_51' title='bbox 1024 902 1209 965; x_wconf 87' lang='lat' dir='ltr'>recepit</span> <span class='ocrx_word' id='word_1_52' title='bbox 1225 937 1237 958; x_wconf 86' lang='lat'>‚</span> <span class='ocrx_word' id='word_1_53' title='bbox 1258 911 1311 947; x_wconf 89' lang='lat' dir='ltr'>ut</span> <span class='ocrx_word' id='word_1_54' title='bbox 1329 901 1552 964; x_wconf 81' lang='lat' dir='ltr'>perlectis</span> 
     </span>
     <span class='ocr_line' id='line_1_10' title="bbox 148 979 1556 1044; baseline -0.001 -19"><span class='ocrx_word' id='word_1_55' title='bbox 148 979 330 1028; x_wconf 88' lang='lat' dir='ltr'>iterum</span> <span class='ocrx_word' id='word_1_56' title='bbox 347 981 525 1028; x_wconf 83' lang='lat' dir='ltr'>sanctis</span> <span class='ocrx_word' id='word_1_57' title='bbox 543 981 911 1044; x_wconf 81' lang='lat' dir='ltr'>Prophetarum</span> <span class='ocrx_word' id='word_1_58' title='bbox 930 980 1198 1036; x_wconf 87' lang='lat' dir='ltr'>codicibus,</span> <span class='ocrx_word' id='word_1_59' title='bbox 1216 979 1556 1027; x_wconf 84' lang='lat' dir='ltr'>sanctioribus-</span> 
     </span>
     <span class='ocr_line' id='line_1_11' title="bbox 149 1054 1555 1123; baseline 0 -19"><span class='ocrx_word' id='word_1_60' title='bbox 149 1074 242 1119; x_wconf 88' lang='lat' dir='ltr'>que</span> <span class='ocrx_word' id='word_1_61' title='bbox 296 1059 680 1123; x_wconf 84' lang='lat' dir='ltr'>Evangeliorum</span> <span class='ocrx_word' id='word_1_62' title='bbox 732 1058 867 1104; x_wconf 82' lang='lat' dir='ltr'>libris</span> <span class='ocrx_word' id='word_1_63' title='bbox 891 1087 905 1116; x_wconf 81' lang='lat'>‚</span> <span class='ocrx_word' id='word_1_64' title='bbox 947 1059 1011 1104; x_wconf 92' lang='lat' dir='ltr'>ad</span> <span class='ocrx_word' id='word_1_65' title='bbox 1051 1058 1408 1122; x_wconf 83' lang='lat' dir='ltr'>propugnanda</span> <span class='ocrx_word' id='word_1_66' title='bbox 1440 1054 1555 1104; x_wconf 81' lang='lat' dir='ltr'>fidei</span> 
     </span>
     <span class='ocr_line' id='line_1_12' title="bbox 151 1135 1554 1200; baseline 0 -17"><span class='ocrx_word' id='word_1_67' title='bbox 151 1136 423 1183; x_wconf 65' lang='lat' dir='ltr'>christianae</span> <span class='ocrx_word' id='word_1_68' title='bbox 459 1137 687 1200; x_wconf 77' lang='lat' dir='ltr'>dogmata</span> <span class='ocrx_word' id='word_1_69' title='bbox 726 1144 958 1198; x_wconf 84' lang='lat' dir='ltr'>tanquam</span> <span class='ocrx_word' id='word_1_70' title='bbox 989 1152 1254 1200; x_wconf 84' lang='lat' dir='ltr'>generosus</span> <span class='ocrx_word' id='word_1_71' title='bbox 1290 1135 1430 1181; x_wconf 86' lang='lat' dir='ltr'>miles</span> <span class='ocrx_word' id='word_1_72' title='bbox 1471 1152 1554 1183; x_wconf 86' lang='lat' dir='ltr'>ac—</span> 
     </span>
     <span class='ocr_line' id='line_1_13' title="bbox 150 1213 1558 1278; baseline -0.001 -18"><span class='ocrx_word' id='word_1_73' title='bbox 150 1214 436 1277; x_wconf 83' lang='lat' dir='ltr'>cingeretur.</span> <span class='ocrx_word' id='word_1_74' title='bbox 451 1214 598 1259; x_wconf 88' lang='lat' dir='ltr'>Unde</span> <span class='ocrx_word' id='word_1_75' title='bbox 612 1214 886 1277; x_wconf 84' lang='lat' dir='ltr'>praesertim</span> <span class='ocrx_word' id='word_1_76' title='bbox 901 1215 1149 1260; x_wconf 86' lang='lat' dir='ltr'>attendere</span> <span class='ocrx_word' id='word_1_77' title='bbox 1167 1215 1325 1269; x_wconf 78' lang='lat' dir='ltr'>datur,</span> <span class='ocrx_word' id='word_1_78' title='bbox 1342 1213 1558 1278; x_wconf 82' lang='lat' dir='ltr'>Augusti-</span> 
     </span>
     <span class='ocr_line' id='line_1_14' title="bbox 150 1291 1556 1354; baseline -0.001 -17"><span class='ocrx_word' id='word_1_79' title='bbox 150 1308 269 1337; x_wconf 87' lang='lat' dir='ltr'>num</span> <span class='ocrx_word' id='word_1_80' title='bbox 287 1292 444 1347; x_wconf 86' lang='lat' dir='ltr'>illurn,</span> <span class='ocrx_word' id='word_1_81' title='bbox 458 1292 581 1337; x_wconf 87' lang='lat' dir='ltr'>tanti</span> <span class='ocrx_word' id='word_1_82' title='bbox 596 1291 778 1354; x_wconf 80' lang='lat' dir='ltr'>ingenii</span> <span class='ocrx_word' id='word_1_83' title='bbox 795 1292 974 1346; x_wconf 78' lang='lat' dir='ltr'>virum,</span> <span class='ocrx_word' id='word_1_84' title='bbox 994 1291 1078 1353; x_wconf 88' lang='lat' dir='ltr'>qui</span> <span class='ocrx_word' id='word_1_85' title='bbox 1092 1291 1556 1351; x_wconf 80' lang='lat' dir='ltr'>totamjuventutem</span> 
     </span>
     <span class='ocr_line' id='line_1_15' title="bbox 149 1368 1554 1429; baseline 0.001 -16"><span class='ocrx_word' id='word_1_86' title='bbox 149 1369 225 1414; x_wconf 76' lang='lat' dir='ltr'>vel</span> <span class='ocrx_word' id='word_1_87' title='bbox 243 1369 546 1425; x_wconf 80' lang='lat' dir='ltr'>ediscendae,</span> <span class='ocrx_word' id='word_1_88' title='bbox 575 1369 651 1414; x_wconf 76' lang='lat' dir='ltr'>vel</span> <span class='ocrx_word' id='word_1_89' title='bbox 687 1368 833 1414; x_wconf 87' lang='lat' dir='ltr'>etiam</span> <span class='ocrx_word' id='word_1_90' title='bbox 868 1369 1101 1415; x_wconf 65' lang='lat' dir='ltr'>docendzr</span> <span class='ocrx_word' id='word_1_91' title='bbox 1138 1369 1425 1429; x_wconf 72' lang='lat' dir='ltr'>eloquentia:</span> <span class='ocrx_word' id='word_1_92' title='bbox 1456 1369 1554 1415; x_wconf 90' lang='lat' dir='ltr'>im—</span> 
     </span>
     <span class='ocr_line' id='line_1_16' title="bbox 151 1447 1555 1510; baseline 0.001 -18"><span class='ocrx_word' id='word_1_93' title='bbox 151 1447 417 1509; x_wconf 84' lang='lat' dir='ltr'>penderat,</span> <span class='ocrx_word' id='word_1_94' title='bbox 443 1463 600 1492; x_wconf 86' lang='lat' dir='ltr'>unum</span> <span class='ocrx_word' id='word_1_95' title='bbox 628 1455 794 1492; x_wconf 88' lang='lat' dir='ltr'>tamen</span> <span class='ocrx_word' id='word_1_96' title='bbox 822 1455 934 1492; x_wconf 84' lang='lat' dir='ltr'>ante</span> <span class='ocrx_word' id='word_1_97' title='bbox 958 1447 1230 1510; x_wconf 77' lang='lat' dir='ltr'>baptisma,</span> <span class='ocrx_word' id='word_1_98' title='bbox 1261 1455 1360 1493; x_wconf 87' lang='lat' dir='ltr'>tres</span> <span class='ocrx_word' id='word_1_99' title='bbox 1391 1452 1555 1493; x_wconf 83' lang='lat' dir='ltr'>autem</span> 
     </span>
     <span class='ocr_line' id='line_1_17' title="bbox 151 1523 1557 1587; baseline 0.001 -18"><span class='ocrx_word' id='word_1_100' title='bbox 151 1540 178 1569; x_wconf 91' lang='lat' dir='ltr'>a</span> <span class='ocrx_word' id='word_1_101' title='bbox 201 1523 495 1587; x_wconf 79' lang='lat' dir='ltr'>baptismate</span> <span class='ocrx_word' id='word_1_102' title='bbox 522 1540 677 1585; x_wconf 90' lang='lat' dir='ltr'>usque</span> <span class='ocrx_word' id='word_1_103' title='bbox 701 1524 762 1570; x_wconf 87' lang='lat' dir='ltr'>ad</span> <span class='ocrx_word' id='word_1_104' title='bbox 780 1525 1113 1570; x_wconf 79' lang='lat' dir='ltr'>sacerdotium</span> <span class='ocrx_word' id='word_1_105' title='bbox 1137 1540 1292 1570; x_wconf 84' lang='lat' dir='ltr'>annos</span> <span class='ocrx_word' id='word_1_106' title='bbox 1311 1561 1321 1581; x_wconf 90' lang='lat'>‚</span> <span class='ocrx_word' id='word_1_107' title='bbox 1354 1541 1435 1570; x_wconf 83' lang='lat' dir='ltr'>sex</span> <span class='ocrx_word' id='word_1_108' title='bbox 1465 1525 1557 1570; x_wconf 87' lang='lat' dir='ltr'>dc-</span> 
     </span>
     <span class='ocr_line' id='line_1_18' title="bbox 152 1601 1556 1665; baseline 0.001 -18"><span class='ocrx_word' id='word_1_109' title='bbox 152 1601 298 1663; x_wconf 90' lang='lat' dir='ltr'>nique</span> <span class='ocrx_word' id='word_1_110' title='bbox 321 1610 545 1665; x_wconf 87' lang='lat' dir='ltr'>suscepto</span> <span class='ocrx_word' id='word_1_111' title='bbox 573 1601 833 1648; x_wconf 81' lang='lat' dir='ltr'>sacerdotii</span> <span class='ocrx_word' id='word_1_112' title='bbox 858 1619 1008 1648; x_wconf 87' lang='lat' dir='ltr'>onere</span> <span class='ocrx_word' id='word_1_113' title='bbox 1031 1619 1227 1648; x_wconf 85' lang='lat' dir='ltr'>menses</span> <span class='ocrx_word' id='word_1_114' title='bbox 1253 1602 1301 1648; x_wconf 92' lang='lat' dir='ltr'>in</span> <span class='ocrx_word' id='word_1_115' title='bbox 1324 1603 1490 1649; x_wconf 84' lang='lat' dir='ltr'>labore</span> <span class='ocrx_word' id='word_1_116' title='bbox 1511 1611 1556 1649; x_wconf 89' lang='lat' dir='ltr'>et</span> 
     </span>
     <span class='ocr_line' id='line_1_19' title="bbox 153 1678 1558 1742; baseline 0.001 -18"><span class='ocrx_word' id='word_1_117' title='bbox 153 1695 345 1727; x_wconf 86' lang='lat' dir='ltr'>secessu</span> <span class='ocrx_word' id='word_1_118' title='bbox 374 1679 632 1727; x_wconf 87' lang='lat' dir='ltr'>continuos</span> <span class='ocrx_word' id='word_1_119' title='bbox 657 1679 982 1742; x_wconf 85' lang='lat' dir='ltr'>pertransisse</span> <span class='ocrx_word' id='word_1_120' title='bbox 1003 1713 1015 1732; x_wconf 86' lang='lat'>‚</span> <span class='ocrx_word' id='word_1_121' title='bbox 1053 1689 1314 1741; x_wconf 85' lang='lat' dir='ltr'>antequam</span> <span class='ocrx_word' id='word_1_122' title='bbox 1342 1678 1558 1727; x_wconf 75' lang='lat' dir='ltr'>Domini</span> 
     </span>
     <span class='ocr_line' id='line_1_20' title="bbox 134 1754 1556 1823; baseline 0.001 -20"><span class='ocrx_word' id='word_1_123' title='bbox 134 1754 367 1823; x_wconf 75' lang='lat' dir='ltr'>justitia-5</span> <span class='ocrx_word' id='word_1_124' title='bbox 383 1773 632 1813; x_wconf 78' lang='lat' dir='ltr'>enarrare,</span> <span class='ocrx_word' id='word_1_125' title='bbox 660 1764 704 1803; x_wconf 77' lang='lat' dir='ltr'>el</span> <span class='ocrx_word' id='word_1_126' title='bbox 729 1764 1080 1804; x_wconf 78' lang='lat' dir='ltr'>testamenlmn</span> <span class='ocrx_word' id='word_1_127' title='bbox 1104 1757 1209 1823; x_wconf 62' lang='lat' dir='ltr'>ejus</span> <span class='ocrx_word' id='word_1_128' title='bbox 1221 1775 1383 1822; x_wconf 74' lang='lat' dir='ltr'>peres</span> <span class='ocrx_word' id='word_1_129' title='bbox 1407 1776 1556 1806; x_wconf 78' lang='lat' dir='ltr'>suum</span> 
     </span>
     <span class='ocr_line' id='line_1_21' title="bbox 153 1843 709 1883; baseline 0 -2"><span class='ocrx_word' id='word_1_130' title='bbox 153 1852 406 1883; x_wconf 74' lang='lat' dir='ltr'>assumere</span> <span class='ocrx_word' id='word_1_131' title='bbox 433 1843 709 1882; x_wconf 83' lang='lat' dir='ltr'>attentaret.</span> 
     </span>
    </p>
   </div>
   <div class='ocr_carea' id='block_1_3' title="bbox 155 1925 1559 2688">
    <p class='ocr_par' dir='ltr' id='par_1_4' title="bbox 155 1925 1559 2688">
     <span class='ocr_line' id='line_1_22' title="bbox 219 1925 1559 1981; baseline -0.001 -9"><span class='ocrx_word' id='word_1_132' title='bbox 219 1926 351 1972; x_wconf 86' lang='lat' dir='ltr'>Tum</span> <span class='ocrx_word' id='word_1_133' title='bbox 391 1925 621 1981; x_wconf 88' lang='lat' dir='ltr'>demum,</span> <span class='ocrx_word' id='word_1_134' title='bbox 652 1925 764 1972; x_wconf 89' lang='lat' dir='ltr'>licet</span> <span class='ocrx_word' id='word_1_135' title='bbox 802 1925 961 1972; x_wconf 88' lang='lat' dir='ltr'>adhuc</span> <span class='ocrx_word' id='word_1_136' title='bbox 997 1926 1223 1973; x_wconf 86' lang='lat' dir='ltr'>sacerdos</span> <span class='ocrx_word' id='word_1_137' title='bbox 1254 1941 1441 1973; x_wconf 80' lang='lat' dir='ltr'>sacram</span> <span class='ocrx_word' id='word_1_138' title='bbox 1476 1941 1559 1972; x_wconf 86' lang='lat' dir='ltr'>as-</span> 
     </span>
     <span class='ocr_line' id='line_1_23' title="bbox 156 2002 1559 2067; baseline -0.001 -17"><span class='ocrx_word' id='word_1_139' title='bbox 156 2002 319 2051; x_wconf 88' lang='lat' dir='ltr'>cendit</span> <span class='ocrx_word' id='word_1_140' title='bbox 345 2003 629 2050; x_wconf 84' lang='lat' dir='ltr'>cathedram</span> <span class='ocrx_word' id='word_1_141' title='bbox 649 2002 945 2067; x_wconf 78' lang='lat' dir='ltr'>Augustinus</span> <span class='ocrx_word' id='word_1_142' title='bbox 965 2039 976 2058; x_wconf 87' lang='lat'>‚</span> <span class='ocrx_word' id='word_1_143' title='bbox 999 2012 1167 2050; x_wconf 85' lang='lat' dir='ltr'>contra</span> <span class='ocrx_word' id='word_1_144' title='bbox 1182 2004 1364 2051; x_wconf 83' lang='lat' dir='ltr'>Africae</span> <span class='ocrx_word' id='word_1_145' title='bbox 1387 2004 1559 2052; x_wconf 84' lang='lat' dir='ltr'>Eccle-</span> 
     </span>
     <span class='ocr_line' id='line_1_24' title="bbox 155 2079 1553 2142; baseline 0 -15"><span class='ocrx_word' id='word_1_146' title='bbox 155 2081 236 2129; x_wconf 88' lang='lat' dir='ltr'>siae</span> <span class='ocrx_word' id='word_1_147' title='bbox 255 2097 451 2128; x_wconf 90' lang='lat' dir='ltr'>morem</span> <span class='ocrx_word' id='word_1_148' title='bbox 467 2117 477 2137; x_wconf 89' lang='lat'><strong>‚</strong></span> <span class='ocrx_word' id='word_1_149' title='bbox 510 2080 596 2127; x_wconf 89' lang='lat' dir='ltr'>sed</span> <span class='ocrx_word' id='word_1_150' title='bbox 615 2079 739 2142; x_wconf 83' lang='lat' dir='ltr'>juxta</span> <span class='ocrx_word' id='word_1_151' title='bbox 766 2080 912 2126; x_wconf 81' lang='lat' dir='ltr'>ritum</span> <span class='ocrx_word' id='word_1_152' title='bbox 939 2081 1173 2128; x_wconf 62' lang='lat' dir='ltr'>Ecclesiae</span> <span class='ocrx_word' id='word_1_153' title='bbox 1196 2081 1553 2137; x_wconf 84' lang='lat' dir='ltr'>Occidentalis,</span> 
     </span>
     <span class='ocr_line' id='line_1_25' title="bbox 157 2158 1557 2222; baseline -0.001 -15"><span class='ocrx_word' id='word_1_154' title='bbox 157 2159 458 2207; x_wconf 86' lang='lat' dir='ltr'>concedente</span> <span class='ocrx_word' id='word_1_155' title='bbox 487 2158 712 2211; x_wconf 87' lang='lat' dir='ltr'>Valerio,</span> <span class='ocrx_word' id='word_1_156' title='bbox 753 2158 882 2219; x_wconf 83' lang='lat' dir='ltr'>cujus</span> <span class='ocrx_word' id='word_1_157' title='bbox 921 2159 1228 2222; x_wconf 85' lang='lat' dir='ltr'>exemplum,</span> <span class='ocrx_word' id='word_1_158' title='bbox 1276 2160 1495 2222; x_wconf 85' lang='lat' dir='ltr'>primum</span> <span class='ocrx_word' id='word_1_159' title='bbox 1531 2176 1557 2206; x_wconf 88' lang='lat' dir='ltr'>a</span> 
     </span>
     <span class='ocr_line' id='line_1_26' title="bbox 155 2233 1552 2300; baseline 0 -16"><span class='ocrx_word' id='word_1_160' title='bbox 155 2237 454 2300; x_wconf 88' lang='lat' dir='ltr'>quibusdam</span> <span class='ocrx_word' id='word_1_161' title='bbox 496 2233 878 2300; x_wconf 47' lang='lat' dir='ltr'>improbatum„</span> <span class='ocrx_word' id='word_1_162' title='bbox 899 2254 1017 2284; x_wconf 83' lang='lat' dir='ltr'>mox</span> <span class='ocrx_word' id='word_1_163' title='bbox 1054 2254 1079 2284; x_wconf 91' lang='lat' dir='ltr'>a</span> <span class='ocrx_word' id='word_1_164' title='bbox 1111 2237 1330 2300; x_wconf 87' lang='lat' dir='ltr'>pluribus</span> <span class='ocrx_word' id='word_1_165' title='bbox 1374 2237 1552 2284; x_wconf 84' lang='lat' dir='ltr'>Africae</span> 
     </span>
     <span class='ocr_line' id='line_1_27' title="bbox 158 2314 1556 2380; baseline 0.001 -19"><span class='ocrx_word' id='word_1_166' title='bbox 158 2315 400 2380; x_wconf 87' lang='lat' dir='ltr'>episcopis</span> <span class='ocrx_word' id='word_1_167' title='bbox 427 2323 732 2378; x_wconf 83' lang='lat' dir='ltr'>assumptum</span> <span class='ocrx_word' id='word_1_168' title='bbox 756 2323 856 2371; x_wconf 85' lang='lat' dir='ltr'>est,</span> <span class='ocrx_word' id='word_1_169' title='bbox 903 2315 970 2362; x_wconf 86' lang='lat' dir='ltr'>ita</span> <span class='ocrx_word' id='word_1_170' title='bbox 997 2323 1076 2372; x_wconf 83' lang='lat' dir='ltr'>ut,</span> <span class='ocrx_word' id='word_1_171' title='bbox 1109 2333 1238 2362; x_wconf 75' lang='lat' dir='ltr'>anno</span> <span class='ocrx_word' id='word_1_172' title='bbox 1266 2314 1357 2376; x_wconf 71' lang='lat'>393</span> <span class='ocrx_word' id='word_1_173' title='bbox 1394 2331 1556 2362; x_wconf 62' lang='lat' dir='ltr'>sacer«</span> 
     </span>
     <span class='ocr_line' id='line_1_28' title="bbox 160 2392 1557 2456; baseline 0 -17"><span class='ocrx_word' id='word_1_174' title='bbox 160 2393 249 2439; x_wconf 89' lang='lat' dir='ltr'>dos</span> <span class='ocrx_word' id='word_1_175' title='bbox 289 2392 586 2456; x_wconf 81' lang='lat' dir='ltr'>Augustinus</span> <span class='ocrx_word' id='word_1_176' title='bbox 624 2393 677 2439; x_wconf 91' lang='lat' dir='ltr'>in</span> <span class='ocrx_word' id='word_1_177' title='bbox 727 2393 987 2440; x_wconf 82' lang='lat' dir='ltr'>universali</span> <span class='ocrx_word' id='word_1_178' title='bbox 1037 2393 1303 2456; x_wconf 73' lang='lat' dir='ltr'>provinciae</span> <span class='ocrx_word' id='word_1_179' title='bbox 1350 2394 1557 2441; x_wconf 86' lang='lat' dir='ltr'>concilio</span> 
     </span>
     <span class='ocr_line' id='line_1_29' title="bbox 160 2471 1558 2536; baseline 0 -20"><span class='ocrx_word' id='word_1_180' title='bbox 160 2486 329 2517; x_wconf 84' lang='lat' dir='ltr'>coram</span> <span class='ocrx_word' id='word_1_181' title='bbox 353 2471 583 2517; x_wconf 88' lang='lat' dir='ltr'>omnibus</span> <span class='ocrx_word' id='word_1_182' title='bbox 603 2471 848 2534; x_wconf 83' lang='lat' dir='ltr'>episcopis</span> <span class='ocrx_word' id='word_1_183' title='bbox 867 2473 1151 2518; x_wconf 84' lang='lat' dir='ltr'>sermonem</span> <span class='ocrx_word' id='word_1_184' title='bbox 1170 2480 1366 2536; x_wconf 81' lang='lat' dir='ltr'>rogatus</span> <span class='ocrx_word' id='word_1_185' title='bbox 1380 2471 1558 2518; x_wconf 85' lang='lat' dir='ltr'>habuc-</span> 
     </span>
     <span class='ocr_line' id='line_1_30' title="bbox 158 2547 1557 2612; baseline 0 -18"><span class='ocrx_word' id='word_1_186' title='bbox 158 2548 237 2594; x_wconf 83' lang='lat' dir='ltr'>rit.</span> <span class='ocrx_word' id='word_1_187' title='bbox 256 2548 420 2606; x_wconf 85' lang='lat' dir='ltr'>Quem</span> <span class='ocrx_word' id='word_1_188' title='bbox 433 2547 576 2592; x_wconf 89' lang='lat' dir='ltr'>tantis</span> <span class='ocrx_word' id='word_1_189' title='bbox 592 2547 840 2611; x_wconf 84' lang='lat' dir='ltr'>plausibus</span> <span class='ocrx_word' id='word_1_190' title='bbox 856 2556 1130 2611; x_wconf 81' lang='lat' dir='ltr'>susceptum</span> <span class='ocrx_word' id='word_1_191' title='bbox 1144 2584 1154 2603; x_wconf 82' lang='lat'>‚</span> <span class='ocrx_word' id='word_1_192' title='bbox 1169 2566 1230 2595; x_wconf 86' lang='lat' dir='ltr'>ne</span> <span class='ocrx_word' id='word_1_193' title='bbox 1246 2548 1557 2612; x_wconf 72' lang='lat' dir='ltr'>Hipponensi</span> 
     </span>
     <span class='ocr_line' id='line_1_31' title="bbox 163 2624 1559 2688; baseline -0.001 -17"><span class='ocrx_word' id='word_1_194' title='bbox 163 2624 347 2688; x_wconf 88' lang='lat' dir='ltr'>populo</span> <span class='ocrx_word' id='word_1_195' title='bbox 376 2624 452 2671; x_wconf 82' lang='lat' dir='ltr'>alii</span> <span class='ocrx_word' id='word_1_196' title='bbox 478 2625 799 2688; x_wconf 62' lang='lat' dir='ltr'>praeriperent</span> <span class='ocrx_word' id='word_1_197' title='bbox 822 2625 999 2671; x_wconf 74' lang='lat' dir='ltr'>veritus</span> <span class='ocrx_word' id='word_1_198' title='bbox 1025 2643 1124 2672; x_wconf 86' lang='lat' dir='ltr'>non</span> <span class='ocrx_word' id='word_1_199' title='bbox 1151 2626 1399 2672; x_wconf 57' lang='lat' dir='ltr'>immerito</span> <span class='ocrx_word' id='word_1_200' title='bbox 1423 2625 1559 2671; x_wconf 41' lang='lat' dir='ltr'>vaiet</span> 
     </span>
    </p>
   </div>
  </div>
 </body>
</html>
