1883 3194
273 203 301 248 8
763 215 799 247 s.
837 216 1139 250 .-xuc.us'r1Nt·s
1151 240 1162 259 ,

273 303 419 358 viter,
457 301 497 347 si
533 301 637 363 quis
671 301 836 358 illum,
873 303 1066 349 unicam
1091 303 1318 351 Ecclesiae
1346 291 1654 362 columnam,

271 377 563 443 posthabitis
607 379 835 426 omnibus
886 380 1092 427 omnino
1130 380 1383 438 Patribu5‚
1422 380 1660 429 affirmare

270 456 554 512 sustineret,
597 472 709 504 cum
738 456 1092 520 Chrysostomo
1118 458 1262 504 etiam
1278 495 1289 515 ,
1321 466 1368 505 et
1386 459 1590 512 Basilio,
1615 467 1662 506 et

269 533 573 597 Hieronymo
590 568 604 589 ,
633 540 678 578 et
700 533 880 580 caeteris
904 532 1003 579 sive
1029 533 1209 581 Graecis
1223 535 1323 581 sive
1340 536 1523 590 Latinis
1551 537 1662 583 doc-

266 610 453 657 toribus
491 611 696 656 immota
728 610 979 656 incumbat
1000 611 1248 667 Ecclesia;
1279 614 1466 676 gravius
1498 620 1660 660 autem

267 695 464 744 erraret,
484 687 566 749 qui
581 687 905 752 Augustinum
921 688 1121 751 quidem
1138 699 1372 752 tanquam
1389 690 1657 748 oraculum,

266 765 434 813 omnia
460 781 576 812 vero
603 765 700 826 ejus
735 766 883 813 verba
917 774 1149 828 tanquam
1174 767 1293 814 fidei
1316 768 1543 832 dogmata
1574 785 1662 814 ve·-

266 851 548 899 neraretur,
585 859 697 891 cum
723 843 803 890 illa
834 853 1027 891 tantum
1069 846 1131 892 ad
1164 844 1314 892 {idem
1351 846 1656 910 pertineant,

265 939 373 983 quae
396 937 564 967 veram
587 937 689 968 esse
714 921 945 970 Ecclesiae
968 922 1215 970 catholicae
1247 923 1522 971 doctrinam
1547 939 1663 971 con-

264 1007 339 1046 tra
363 998 649 1062 Palagianos
678 1001 901 1057 asseruit,
936 1017 1026 1047 nec
1054 1000 1248 1048 aliunde
1274 1017 1430 1065 pauca
1448 1000 1663 1065 magnus

263 1074 518 1140 opinator,
553 1085 605 1123 ut
628 1077 775 1123 Tultii
799 1078 962 1124 verbis
987 1086 1119 1135 utar,
1141 1078 1278 1141 quasi
1299 1078 1545 1142 palpando
1574 1094 1664 1141 ap·-

263 1153 572 1216 prehendere
595 1190 608 1210 ‚
652 1162 699 1200 et
741 1155 1012 1202 dubitando
1052 1158 1323 1218 exprimere
1365 1155 1661 1202 tentaverit:

265 1246 356 1277 nec
394 1238 522 1277 certe
556 1230 609 1276 in
651 1230 1084 1278 Retractationam
1122 1232 1249 1279 libro
1301 1248 1352 1279 se
1400 1233 1662 1279 emendare

264 1309 552 1363 studuisset,
582 1309 656 1355 cui
690 1309 822 1355 nulla
851 1309 1024 1355 fuisset
1057 1310 1330 1357 necessaria
1366 1310 1661 1357 emendatio.

327 1396 605 1443 Fatendum
645 1395 967 1443 nihilominus
1008 1413 1247 1461 magnum
1279 1397 1408 1445 inter
1449 1398 1664 1445 maxima

260 1473 490 1521 Ecclesiae
506 1473 692 1520 lumina
710 1474 963 1521 emicuisse
979 1473 1337 1539 Augustinum,
1358 1476 1486 1537 cujus
1507 1476 1664 1539 splen-

263 1552 382 1599 dore
409 1551 661 1613 sequentia
684 1550 913 1598 irradiata
937 1554 1112 1600 saecula
1137 1554 1304 1601 laudes
1328 1570 1500 1601 canere
1525 1554 1664 1615 quasi

260 1645 357 1676 una
377 1644 497 1676 voce
524 1637 890 1675 consenserunt.
913 1629 1047 1677 Audi
1068 1631 1126 1677 B.
1146 1632 1527 1696 Hieronymum,
1550 1647 1663 1679 cum

262 1707 425 1770 ipsum
452 1706 700 1768 alloquens
730 1725 740 1753 :
772 1729 795 1749 «
833 1708 997 1755 Macte
1015 1741 1030 1765 ,
1054 1709 1241 1771 inquit,
1275 1719 1432 1758 macte
1453 1711 1658 1767 virtute;

269 1802 293 1823 »
330 1784 381 1830 in
402 1783 522 1830 orbe
553 1784 836 1841 celebraris;
864 1785 1106 1834 Catholici
1129 1795 1176 1834 te
1204 1787 1513 1835 conditorem
1540 1789 1662 1835 anti-

270 1880 294 1901 »
331 1881 435 1925 quae
464 1879 659 1909 rursum
698 1863 818 1911 fidei
845 1873 1140 1911 venerantur
1179 1874 1224 1912 et
1258 1865 1550 1929 suspiciunt,
1579 1868 1661 1928 qui

269 1957 292 1979 n
327 1949 495 1989 contra
508 1939 680 1989 ssantes
692 1950 865 1988 ventos
876 1942 1050 1989 ardore
1058 1941 1176 1990 fidei
1189 1944 1448 2007 perstitisti.
1458 1941 1659 2008 >›(Epz'st.

263 2033 403 2067 cxcv.
428 2019 568 2082 apud
598 2018 862 2082 August.)
895 2021 959 2067 Et
995 2021 1111 2067 alibi
1145 2040 1155 2068 t
1190 2042 1213 2064 «
1248 2021 1391 2069 Certe
1426 2023 1662 2084 quidquid

268 2115 292 2138 >›
322 2097 419 2145 dici
444 2098 627 2162 potuit,
665 2106 712 2143 et
750 2098 950 2145 sublimi
982 2098 1179 2162 ingenio
1208 2100 1268 2146 de
1302 2100 1661 2162 Scripturarum

267 2193 291 2215 >³
322 2185 599 2223 sanctarum
623 2175 807 2223 hauriri
823 2177 1046 2223 fontibus
1082 2200 1095 2234 ,
1125 2194 1152 2224 a
1173 2186 1220 2224 te
1244 2177 1503 2225 dissertum
1522 2186 1606 2225 est.
1634 2195 1656 2216 »

263 2253 285 2317 (
304 2253 459 2317 Epist.
481 2267 665 2300 chxxn.
685 2252 848 2316 >Audi
874 2254 921 2301 S.
941 2255 1204 2302 Paulinum
1221 2255 1469 2302 Nolanum
1484 2255 1659 2302 similia

261 2333 540 2394 majoraque
563 2333 808 2379 dicentem
838 2351 846 2378 :
878 2354 901 2375 «
924 2333 968 2379 O
994 2348 1106 2379 vere
1130 2332 1204 2379 sol
1220 2341 1357 2380 terrae
1373 2370 1384 2390 ,
1412 2351 1508 2395 quo
1533 2349 1659 2397 prae-

268 2425 291 2446 ³>
322 2410 486 2456 cordia
505 2418 669 2456 nostra
684 2446 694 2465 ,
719 2426 785 2455 ne
799 2418 1000 2472 possent
1022 2410 1179 2457 saeculi
1194 2427 1452 2457 vanescere
1471 2427 1654 2468 errore,

267 2502 290 2523 ›‘
321 2488 632 2533 condiuntur!
652 2488 696 2532 O
708 2487 933 2534 Ecclesiae
946 2487 1157 2544 lucerna,
1176 2488 1378 2549 quaelate
1393 2488 1656 2535 Catholicis

268 2579 288 2599 »
319 2564 518 2608 urbibus
550 2565 609 2610 (le
632 2563 905 2626 septiformi
935 2564 1110 2627 lychno
1130 2572 1322 2628 pastum
1350 2565 1459 2611 oleo
1485 2565 1653 2610 laeiitiae
