1852 3163
203 175 288 214 -206
640 184 673 211 s.
709 183 941 213 Aucusnm
973 185 1154 213 Eme-,com

203 251 289 296 cito
306 249 415 294 vidit
432 248 542 309 quid
558 250 670 294 inter
688 265 846 295 sonum
874 260 918 295 et
938 250 983 295 id
1004 251 1128 311 cujus
1151 249 1325 310 signum
1347 259 1479 305 esset,
1504 250 1595 296 dis-

205 330 332 366 taret.
360 319 580 364 Intellexit
592 320 702 365 nihil
724 320 844 365 aliud
866 320 921 366 ad
943 322 1115 366 aurium
1128 320 1345 383 judicium
1357 321 1595 382 pertinere,

204 407 339 453 quam
366 407 545 447 sonum,
577 407 767 453 eumque
791 407 881 436 esse
913 392 1129 452 triplicem
1155 414 1166 451 3
1191 402 1267 437 aut
1292 392 1339 436 in
1365 407 1474 437 voce
1503 392 1600 436 ani-

204 452 387 519 mantis,¹
413 472 488 507 aut
518 462 565 506 in
587 477 639 507 eo
671 463 793 523 quod
821 462 952 507 ssatus
979 462 1026 507 in
1048 464 1220 523 organis
1248 463 1433 520 faceret,
1460 472 1537 508 aut
1557 463 1604 507 in

204 552 256 580 eo
278 534 400 597 quod
420 534 553 595 pulsu
574 533 794 580 ederetur.
829 534 899 579 Ad
920 535 1115 595 primum
1144 536 1363 597 pertinere
1384 534 1608 596 tragoedos

207 606 279 652 vel
301 604 553 662 comoedos,
578 604 649 651 vel
670 606 826 652 choros
848 607 1167 667 cujuscemodi,
1193 617 1324 669 atque
1346 623 1496 653 omnes
1518 621 1610 652 om-

211 681 317 724 nino
329 716 340 736 ,
361 679 439 741 qui
460 695 567 724 voce
585 680 761 740 propria
779 689 1002 724 canerent.
1031 679 1283 725 Secundum
1301 680 1419 725 tibiis
1437 690 1481 724 et
1496 679 1612 725 simi-

208 750 324 796 libus
358 751 659 796 instrumentis
683 750 900 811 deputari.
925 751 1070 797 Tertio
1093 751 1188 796 dari
1213 753 1415 811 cytharas
1431 787 1442 808 ,
1462 751 1578 811 lyras
1595 786 1606 807 ‚

211 820 437 880 cymbala,
466 832 597 883 atque
621 838 750 867 omne
773 822 895 884 quod
917 823 1203 884 percutiendo
1233 839 1445 869 canorum
1482 831 1608 867 esset.

264 896 359 938 XL.
396 893 587 938 Videbat
620 903 766 938 autem
796 895 909 939 hanc
946 895 1173 941 materiam
1207 911 1298 939 esse
1325 894 1604 949 vilissimam,

209 965 289 1010 nisi
307 975 425 1010 certa
443 966 715 1011 dimensione
729 976 998 1027 temporum,
1016 977 1061 1012 et
1076 967 1289 1012 acuminis
1304 966 1615 1026 gravitatisque

211 1036 439 1082 moderata
450 1037 657 1082 varietate
675 1037 770 1082 soni
787 1038 1099 1098 figurarentur.
1121 1037 1511 1098 Recognovithinc
1525 1052 1615 1081 esse

208 1107 284 1152 illa
315 1109 503 1164 semina,
529 1125 630 1170 quae
660 1109 708 1153 in
731 1111 1035 1168 grammatica,
1070 1126 1173 1156 cum
1194 1108 1383 1169 syllabas
1417 1107 1616 1169 diligenti

208 1179 557 1226 consideratione
569 1189 773 1235 versaret,
784 1180 916 1240 pedes
925 1191 968 1226 et
981 1191 1185 1227 accentus
1194 1189 1437 1226 vocaverat.
1448 1183 1506 1226 Et
1514 1179 1618 1241 quia

208 1252 254 1296 in
273 1252 375 1312 ipsis
391 1251 539 1297 verbis
560 1251 796 1296 brevitates
814 1261 857 1296 et
868 1251 1166 1311 longitudines
1188 1252 1458 1311 syllabarum
1481 1266 1619 1312 prope

208 1323 370 1384 aequali
399 1322 688 1369 multitudine
720 1338 888 1383 sparsas
928 1325 976 1368 in
1004 1324 1200 1369 oratione
1228 1322 1456 1368 attendere
1491 1320 1619 1367 facile

209 1392 315 1451 suit,
342 1394 528 1440 tentavit
550 1393 683 1454 pedes
705 1392 803 1438 illos
825 1393 871 1438 in
890 1394 1065 1439 ordines
1078 1404 1217 1440 certos
1238 1394 1468 1455 disponere
1487 1403 1619 1454 atque

211 1467 504 1528 conjungere,
529 1475 573 1510 et
594 1465 640 1509 in
663 1481 714 1510 eo
735 1465 879 1526 primo
908 1481 1083 1511 sensum
1103 1467 1249 1527 ipsum
1266 1475 1435 1522 secuta,
1461 1464 1619 1510 mode-

213 1548 328 1583 ratos
353 1538 572 1598 impressit
596 1536 802 1581 articulos
816 1572 827 1593 ‚
858 1553 960 1598 quae
981 1546 1026 1581 et
1046 1554 1156 1583 caesa
1178 1549 1222 1583 et
1242 1537 1441 1582 membra
1474 1536 1620 1582 nomi-

214 1609 351 1655 navit.
377 1611 437 1654 Et
465 1625 521 1653 ne
542 1607 719 1667 longius
740 1607 905 1668 pedum
928 1625 1078 1653 cursus
1109 1608 1462 1668 provolveretur,
1486 1623 1622 1669 quam

214 1683 307 1742 ejus
319 1680 539 1741 judicium
553 1688 699 1740 posset
719 1679 933 1724 sustinere
945 1715 955 1735 ⁷
976 1680 1161 1724 modum
1177 1679 1330 1725 statuit
1339 1678 1459 1724 unde
1475 1694 1622 1724 rever-

219 1761 409 1808 teretur,
439 1761 482 1796 et
505 1751 560 1796 ab
594 1767 645 1795 eo
667 1750 760 1810 ipso
782 1766 958 1795 versum
986 1751 1174 1796 vocavit.
1202 1750 1334 1805 Quod
1363 1760 1512 1796 autem
1532 1766 1623 1796 non

217 1833 328 1869 esset
350 1832 469 1868 certo
494 1824 582 1867 fine
606 1821 906 1878 moderatum,
932 1821 1009 1867 sed
1036 1831 1185 1867 tamen
1205 1821 1523 1867 rationabiliter
1551 1838 1624 1867 or·-

216 1895 375 1941 dinatis
407 1894 594 1956 pedibus
625 1903 841 1949 curreret,
867 1894 1065 1951 rhythmi
1102 1894 1280 1938 nomine
1315 1893 1506 1950 notavit,
1545 1894 1624 1955 qui

143 1975 178 1998 Ἃ·
217 1967 352 2012 latine
383 1964 495 2010 nihil
531 1963 652 2009 aliud
683 1979 818 2025 quam
846 1979 1056 2009 numerus
1083 1964 1171 2009 dici
1200 1965 1362 2025 potuit.
1391 1965 1460 2010 Sic
1489 1965 1545 2009 ab
1574 1980 1624 2009 ea

217 2043 361 2100 po'etae
379 2036 514 2098 geniti
534 2045 658 2081 sunt:
679 2036 725 2080 in
741 2035 901 2096 quibus
922 2051 1025 2081 cum
1041 2036 1210 2081 videret
1226 2053 1317 2083 non
1333 2035 1625 2096 solumfsono-

222 2126 320 2155 rum
341 2145 350 2166 ,
390 2108 467 2154 sed
496 2108 628 2153 etiam
654 2107 892 2152 verborum
916 2123 1154 2169 rerumque
1180 2122 1341 2167 magna
1366 2117 1621 2162 momenta,

220 2182 466 2243 plurimum
495 2195 568 2225 eos
599 2180 858 2235 honoravit,
886 2180 1033 2241 eisque
1054 2179 1210 2225 tribuit
1239 2194 1430 2241 quorum
1460 2178 1627 2224 vellent

226 2251 556 2298 rationabilium
578 2249 910 2296 mendaciorum
946 2261 1222 2312 potestatem.
1248 2255 1306 2297 Et
1326 2251 1535 2313 quoniam
1569 2250 1625 2295 de

223 2325 361 2385 prima
393 2322 469 2367 illa
508 2320 739 2382 disciplina
771 2322 949 2382 stirpem
980 2322 1232 2381 ducebant,
1262 2323 1449 2384 judices·
1469 2323 1516 2368 in
1552 2338 1625 2368 eos

226 2394 531 2454 grammaticos
557 2409 647 2438 esse
671 2393 882 2453 permisit.

284 2469 402 2511 XLI.
439 2469 492 2510 In
513 2466 597 2510 hoc
612 2465 746 2524 igitur
758 2475 916 2527 quarto
934 2465 1094 2526 gradu,
1114 2465 1259 2511 sivein
1275 2466 1516 2526 rhythmis,
1537 2466 1625 2512 sive

227 2539 272 2583 in
290 2539 381 2598 ipsa
400 2536 702 2584 modulatione
720 2537 997 2598 intelligebat
1018 2554 1200 2599 regnare
1222 2555 1448 2596 numeros,
1463 2549 1626 2586 totum-
