1888 3168
674 206 799 232 LIBER
830 205 885 232 DE
917 201 1152 233 MAGISTno.
1531 196 1614 236 539

211 283 353 334 partos
369 273 575 318 orationis
596 271 910 329 eodemmodo,
931 287 1020 332 quo
1032 272 1424 320 demonstravimus
1437 275 1614 320 nomina

211 347 328 390 csse?
350 348 433 391 An.
445 346 544 390 Non
557 343 715 388 dubito
736 379 746 398 ,
768 343 1132 404 quandoquidem
1149 342 1288 388 fateor
1305 360 1356 388 ea
1373 345 1615 403 significare

211 416 394 477 aliquid.
430 416 472 462 Si
496 424 643 460 autem
666 430 732 459 res
753 414 858 474 ipsae
879 430 986 475 quas
1007 414 1270 473 significant,
1298 415 1407 476 quid
1430 417 1615 476 singulm

210 488 502 549 appellentur,
520 487 565 532 id
578 497 656 543 est,
669 488 968 542 nominentur,
985 487 1240 545 interroges,
1252 486 1515 547 respondere
1526 505 1616 534 non

208 575 383 619 possum
399 595 409 615 ,
440 559 522 604 nisi
544 574 613 604 eas
629 559 742 619 ipsas
760 569 904 620 partes
928 558 1158 614 orationis,
1187 574 1294 619 quas
1317 559 1497 607 nomina
1523 575 1615 605 non

207 646 429 687 vocamus,
450 630 542 686 sed,
568 639 619 675 ut
640 646 788 686 cerno,
813 646 969 676 vocare
985 630 1303 676 convincimur.

266 704 364 747 XV.
391 705 506 748 Auo.
531 701 733 749 Nihil—ne
752 711 792 746 te
816 711 964 748 movet
980 737 991 758 ,
1012 717 1068 746 n‘e
1092 701 1189 762 quis
1211 701 1381 757 existat,
1408 702 1485 762 qui
1511 717 1615 747 nos-

208 782 320 817 tram
337 773 463 820 istam
485 773 699 818 rationem
711 772 964 828 labefactet,
982 771 1170 817 dicendo
1183 771 1395 833 Apostolo
1411 788 1501 818 non
1516 789 1616 818 ver-

206 845 365 890 borum
378 879 389 899 ,
425 844 501 889 sed
520 859 667 888 rerum
688 844 993 889 auctoritatem
1014 859 1106 888 esse
1127 843 1435 903 tribuendam,
1463 860 1616 906 quam-

206 917 360 962 obrem
391 915 731 962 fundamentum
773 917 1064 977 persuasionis
1097 917 1227 977 hujus
1261 933 1353 962 non
1396 926 1487 962 tam
1525 933 1615 962 esse

206 989 384 1032 firmum
416 1003 549 1049 quam
577 997 784 1049 putamus
827 1008 835 1034 z
874 988 967 1033 fieri
1001 989 1115 1033 enim
1155 1003 1281 1049 posse
1324 998 1375 1033 ut
1417 988 1580 1034 Paulus
1600 1024 1611 1043 ‚

205 1076 462 1122 quanquam
480 1061 634 1106 vixerit
655 1061 1000 1122 praeceperitque
1018 1061 1275 1117 rectissime,
1299 1061 1444 1106 minus
1468 1070 1614 1106 tamen

206 1141 322 1177 recte
342 1132 517 1177 locutus
540 1133 620 1189 sit,
650 1149 752 1177 cum
774 1133 858 1188 ait,
881 1132 977 1178 Est
999 1134 1048 1177 in
1076 1131 1158 1178 illo
1182 1131 1343 1191 ercit¹3
1372 1133 1614 1193 praesertim

205 1218 308 1248 cum
344 1218 387 1247 se
418 1203 508 1263 ipse
548 1203 801 1263 imperitum
827 1219 1027 1248 sermone
1057 1202 1273 1249 fateatur?
1306 1220 1394 1265 quo
1436 1203 1613 1249 tandem

204 1273 337 1319 modo
359 1274 492 1318 istum
510 1273 805 1318 refellendum
819 1275 1068 1319 arbitraris?
1085 1278 1166 1319 AD.
1192 1276 1310 1321 Nihil
1328 1276 1469 1321 habeo
1491 1275 1614 1337 quod

203 1346 516 1401 contradicam,
541 1355 585 1390 et
607 1355 650 1390 te
668 1361 745 1391 oro
768 1355 819 1390 ut
841 1346 1033 1406 aliquem
1051 1346 1106 1391 de
1129 1346 1212 1391 illis
1230 1348 1435 1407 reperias,
1451 1349 1613 1408 quihus

203 1418 441 1462 verborum
479 1417 635 1462 notitia
668 1433 839 1462 summa
868 1417 1126 1463 conceditur
1143 1454 1153 1473 ‚
1192 1420 1315 1479 cujus
1354 1420 1615 1464 auctoritate

139 1541 142 1544 y
203 1488 408 1549 potiusid
428 1487 550 1549 quod
561 1488 684 1548 cupis
707 1489 883 1533 efficias.
911 1492 1025 1533 Ano.
1052 1490 1200 1534 Minus
1211 1492 1329 1534 enim
1342 1490 1425 1535 tibi
1437 1489 1614 1536 videtur

203 1559 377 1614 idonea,
397 1559 574 1603 remotis
592 1559 926 1605 auctoritatibus
938 1595 948 1615 ,
967 1560 1058 1619 ipsa
1076 1560 1187 1604 ratio
1200 1595 1210 1615 ‚
1231 1576 1320 1620 qua
1335 1560 1611 1606 demonstra-

204 1638 277 1675 tur
295 1629 501 1675 omnibus
525 1629 724 1689 partibus
747 1630 953 1674 orationis
967 1629 1200 1689 significari
1224 1629 1408 1691 aliquid,
1426 1641 1470 1676 et
1486 1647 1538 1676 ex
1558 1648 1611 1678 eo

203 1700 412 1762 appellari
434 1720 442 1745 :
468 1701 503 1748 si
525 1708 672 1745 autem
704 1699 935 1760 appellari,
956 1709 1001 1745 et
1027 1701 1245 1745 nominari
1272 1720 1280 1746 :
1307 1701 1342 1745 si
1366 1703 1609 1759 nominari,

201 1773 379 1818 nomine
400 1772 555 1832 utique
571 1771 788 1816 nominari
809 1792 818 1817 :
840 1771 963 1833 quod
979 1772 1025 1816 in
1040 1771 1219 1818 diversis
1231 1772 1393 1832 linguis
1405 1773 1612 1819 facfflime

195 1843 445 1905 judicatur:
480 1843 587 1896 Quis
609 1844 727 1887 enim
749 1859 840 1888 non
861 1843 1036 1899 videat,
1063 1844 1098 1887 si
1135 1858 1306 1903 quaeras
1331 1844 1439 1905 quid
1469 1847 1611 1891 Graeci

201 1916 431 1962 nominent
453 1912 575 1974 quod
592 1930 670 1959 nos
694 1915 988 1970 nominamus,
1005 1914 1120 1975 quiS,
1142 1915 1410 1974 responderi,
1423 1923 1466 1961 τὶς
1481 1916 1611 1977 :quid

201 1987 342 2035 Graeci
363 1985 594 2031 nominent
615 1987 738 2046 quod
758 2002 837 2032 nos
852 1987 1153 2041 nominamus,
1184 1985 1304 2041 volo,
1324 1986 1578 2047 responderi
1596 2023 1607 2043 ,

201 2069 276 2103 θέλω
290 2080 299 2106 2
315 2059 423 2120 quid
437 2057 577 2102 Graeci
594 2058 953 2119 nominentquod
966 2073 1044 2103 nos
1059 2057 1353 2114 nominamus,
1370 2058 1500 2114 bene,
1516 2074 1609 2103 res-

201 2131 385 2194 ponderi
398 2145 522 2179 mam:
539 2131 648 2194 quid
664 2131 803 2177 Graeci
818 2131 1046 2176 nominent
1059 2128 1180 2191 quod
1203 2144 1281 2173 nos
1304 2130 1607 2187 nominamus,

201 2205 434 2265 scriptum,
469 2204 747 2267 responderi,
768 2213 800 2246 τὲ
817 2212 1052 2258 ηέγραμμέ-,ω
1081 2201 1191 2263 quid
1223 2202 1362 2247 Graeci
1379 2203 1609 2248 nominent

201 2275 323 2337 quod
339 2291 418 2321 nos
435 2277 729 2331 nominamus,
756 2284 823 2330 et,
845 2274 1114 2335 responderi,
1130 2279 1182 2314 καὶ
1203 2292 1211 2318 :
1238 2274 1345 2337 quid
1370 2273 1510 2319 Graeci
1534 2289 1608 2318 no-

201 2349 371 2393 minent
393 2349 511 2409 quod
541 2365 620 2394 nos
643 2348 946 2403 nominamus,
973 2347 1027 2391 ab
1049 2383 1060 2403 ,
1081 2347 1358 2408 responderi,
1384 2354 1472 2391 ἀπὸε
1498 2345 1607 2407 quid

203 2417 338 2465 Graeci
359 2420 592 2464 nominent
614 2418 736 2481 quod
757 2434 835 2463 nos
858 2418 1158 2475 nominamus,
1185 2420 1273 2463 heu
1290 2454 1300 2473 ‚
1327 2416 1601 2478 responderi,

204 2499 255 2543 222,
282 2500 414 2552 atque
444 2491 489 2536 in
513 2492 580 2537 his
604 2491 808 2537 omnibus
838 2490 1037 2550 partibus
1075 2490 1306 2545 orationis,
1339 2505 1449 2550 quas
1486 2503 1606 2533 nunc

252 2583 261 2599 ¹
284 2585 303 2609 2
323 2577 396 2610 Cor.
419 2576 520 2618 X1‚6.
