1888 3168
497 189 622 219 mma
657 188 712 218 DE
746 182 1019 227 QUANTITATE
1053 179 1216 215 ANJMAE.
1467 168 1550 211 323

156 350 1551 373 QMWWWWWVWMNJMNQWWWWWUUWWMWWWWMWWQNWWWWWWVU

599 478 818 528 CAPUT
855 478 1090 528 XXXVI.

161 624 486 687 Attingzcntzcr
506 622 701 683 relz'quoe
734 623 794 670 de
827 625 996 670 anima
1020 623 1322 684 quaestiones.
1349 649 1406 657 —
1436 622 1559 683 Quae

664 699 724 742 sit
747 696 914 761 religio
936 713 1069 742 vera.

222 834 401 878 LXXX.
437 835 555 878 DEUS
591 833 724 893 igitur
757 850 952 880 summus
973 843 1016 879 et
1036 850 1164 878 verus
1190 833 1286 893 lege
1320 831 1562 878 inviolabili

162 914 205 949 et
236 905 516 966 incorrupta,
553 921 640 967 qua
676 923 805 952 omne
833 907 956 969 quod
991 905 1188 952 condidit
1226 906 1361 965 regit‚
1389 903 1565 965 subjicit

163 977 320 1021 animae
339 993 526 1038 corpus3
553 978 741 1023 animam
771 979 879 1035 sibi,
906 989 949 1023 et
971 979 1028 1023 sic
1051 979 1197 1027 omnia
1215 977 1296 1022 sibi
1320 998 1327 1022 ε
1354 993 1497 1039 neque
1518 976 1566 1020 in

163 1048 256 1093 ullo
295 1059 396 1094 actu
419 1065 516 1094 eam
539 1050 719 1106 deserit,
749 1052 838 1096 sive
861 1067 993 1112 poena
1008 1087 1018 1107 ,a
1045 1051 1133 1095 sive
1154 1049 1350 1109 praemio.
1373 1049 1427 1093 Id
1449 1048 1566 1093 enim

159 1119 375 1180 judicavit
397 1136 486 1165 esse
508 1121 854 1182 pulcherrimum
868 1158 878 1178 ,
900 1131 950 1166 ut
967 1131 1077 1167 esset
1095 1120 1315 1183 quidquid
1334 1130 1397 1164 cst
1413 1156 1424 1176 ,
1452 1136 1567 1181 quo-

164 1191 298 1239 modo
321 1202 410 1252 est3
435 1203 478 1238 et
508 1193 567 1239 ita
592 1204 762 1239 naturae
785 1193 991 1254 gradibus
1021 1193 1321 1252 ordinaretur,
1348 1202 1398 1236 ut
1425 1193 1569 1237 consi-

165 1263 368 1309 derantes
403 1266 733 1311 universitatem
752 1265 875 1311 nulla
898 1266 1144 1311 offenderet
1167 1281 1217 1308 ex
1238 1263 1328 1308 ulla
1352 1274 1474 1324 parte
1493 1263 1571 1308 de-

165 1335 363 1380 formitas
402 1357 411 1381 :
448 1338 678 1398 omnisque
716 1338 873 1381 animae
913 1353 1048 1397 poena
1086 1346 1130 1380 et
1168 1351 1299 1380 omne
1336 1335 1571 1396 praemium

167 1405 386 1451 conferret
408 1423 579 1467 semper
593 1407 761 1468 aliquid
779 1408 1063 1468 proportione
1081 1408 1211 1468 justae
1228 1406 1569 1468 pulchritudini,

167 1476 531 1539 dispositionique
564 1493 711 1522 rerum
742 1479 956 1523 omnium.
993 1481 1156 1523 Datum
1191 1487 1255 1523 est
1277 1478 1393 1522 enim
1417 1478 1573 1522 animae

166 1548 357 1593 liberum
380 1549 609 1594 arbitrium
627 1586 637 1605 ‚
659 1549 783 1611 quod
805 1550 881 1611 qui
905 1550 1145 1609 nugatoriis
1165 1549 1574 1594 ratiocinationibus

167 1618 434 1664 labefactare
468 1630 708 1677 conantur,
735 1636 876 1682 usque
899 1620 1008 1665 adeo
1031 1621 1134 1665 caeci
1157 1630 1259 1665 sunt
1275 1657 1286 1677 ‚
1315 1631 1365 1666 ut
1402 1637 1458 1665 nc
1494 1621 1575 1665 ista

168 1690 259 1750 ipsa
280 1691 461 1753 quidem
477 1707 589 1736 vana
608 1700 741 1752 atque
764 1689 972 1749 sacrilega
994 1692 1172 1751 propria
1193 1690 1424 1736 voluntate
1443 1707 1488 1737 se
1510 1691 1574 1736 di-

169 1776 268 1806 cere
288 1760 550 1821 intelligant.
577 1763 667 1808 Nec
688 1771 839 1806 tamen
867 1762 926 1806 ita
948 1760 1140 1806 liberum
1163 1762 1393 1807 arbitrium
1416 1763 1575 1807 animae

171 1831 326 1878 datum
343 1842 407 1878 est
420 1868 431 1889 ‚
452 1841 504 1877 ut
525 1831 759 1894 quodlibet
778 1848 830 1878 eo
857 1831 1042 1878 moliens
1055 1869 1066 1889 ‚
1085 1832 1224 1878 ullam
1245 1843 1417 1894 partem
1439 1834 1577 1880 divini

173 1903 336 1950 ordinis
357 1903 554 1966 legisque
583 1904 829 1965 perturbet.
865 1908 1027 1950 Datum
1056 1915 1121 1950 est
1158 1906 1275 1950 enim
1300 1922 1324 1952 a
1348 1907 1578 1968 sapientis-

175 1977 283 2022 simo
301 1985 435 2037 atque
458 1976 743 2022 invictissimo
770 1977 906 2022 totius
929 1986 1140 2022 creaturae
1163 1979 1367 2024 Domino.
1391 1979 1478 2026 Sed
1498 1981 1578 2026 ista

176 2056 226 2091 ut
259 2046 450 2093 videnda
484 2056 614 2103 sunt,
653 2046 803 2092 videre
835 2064 1081 2109 paucorum
1117 2059 1203 2108 est3
1239 2066 1385 2112 neque
1417 2051 1580 2097 adhoc

177 2119 411 2180 quisquam
431 2118 513 2163 nisi
535 2134 636 2164 vera
662 2117 870 2177 religione
891 2119 943 2163 fit
965 2119 1164 2165 idoneus.
1190 2123 1268 2166 Est
1290 2123 1406 2166 enim
1428 2123 1579 2183 religio

178 2205 304 2245 vera,
330 2206 418 2252 qua
441 2205 484 2235 se
506 2190 585 2234 uni
622 2193 713 2234 Deo
743 2189 911 2246 anima,
949 2190 1068 2236 unde
1090 2207 1134 2236 se
1154 2203 1335 2253 peccato
1355 2195 1478 2240 velut
1500 2195 1580 2240 ab-

180 2270 383 2322 ruperat,
414 2261 767 2306 reconciliatione
789 2260 957 2320 religat.
985 2263 1177 2308 Innectit
1198 2280 1302 2324 ergo
1320 2266 1511 2312 animam
1533 2268 1580 2312 in

180 2333 258 2378 illo
282 2343 384 2378 actu
405 2334 534 2379 tertio
553 2370 564 2390 ,
597 2343 729 2394 atque
751 2334 906 2394 incipit
932 2333 1114 2394 ducere3
1143 2347 1304 2397 purgat
1324 2338 1370 2382 in
1393 2350 1578 2400 quarto3

183 2405 395 2452 reformat
418 2406 461 2450 in
489 2406 646 2466 quinto
667 2427 678 2464 3
708 2406 949 2451 introducit
970 2407 1017 2451 in
1039 2417 1186 2467 sext03
1209 2411 1348 2469 pascit
1373 2411 1420 2456 in
1448 2414 1581 2473 septi-

184 2493 256 2522 mo
285 2496 293 2522 :
329 2486 464 2538 atque
484 2477 568 2521 hoc
591 2478 641 2521 fit
663 2476 766 2521 alias
795 2471 945 2532 citius⁷
972 2478 1075 2523 alias
1104 2480 1293 2536 tardius)
1322 2491 1371 2526 ut
1393 2500 1582 2545 quaeque

188 2563 333 2593 amore
366 2564 414 2593 ac
443 2548 609 2593 meritis
646 2548 793 2593 valent
815 2569 823 2594 ι
856 2549 1002 2594 omnia
1024 2559 1169 2594 tamen
1192 2554 1578 2613 Detisjiistissiinc,

1355 2626 1421 2667 21.
