1852 3163
175 204 258 244 204
616 215 650 244 S.
687 214 917 244 Aucus'nm
950 205 1132 243 Emscom

174 282 313 339 longae
336 280 578 342 brevesque
602 281 782 340 syllaboe
804 281 1104 326 tenderentur.
1121 281 1298 327 Notavit
1311 282 1441 327 etiam
1463 284 1559 340 ista,

173 353 278 397 etin
302 352 469 410 regulas
492 362 629 397 certas
653 353 881 413 disposuit.

231 425 461 467 XXXVII.
498 427 672 468 Poterat
701 425 791 484 jam
818 422 1013 483 perfecta
1035 439 1124 469 esse
1158 425 1436 484 grammatica
1453 460 1464 481 ,
1490 425 1565 471 sed

173 495 274 556 quia
297 496 389 555 ipso
412 496 589 539 nomine
610 496 805 556 profiteri
828 512 872 540 se
895 495 1059 540 litteras
1082 495 1243 541 clamat
1259 533 1269 553 ,
1295 496 1414 541 unde
1436 497 1567 541 etiam

172 568 307 612 latine
329 567 574 612 litteratura
596 567 777 625 dicitur,
802 566 969 613 sactum
992 578 1056 613 est
1077 578 1128 613 ut
1141 568 1360 631 quidquid
1382 569 1567 629 dignum

174 639 381 684 memoria
408 639 561 684 litteris
584 640 889 697 mandaretur,
917 639 972 685 ad
995 656 1089 685 eam
1113 643 1352 686 necessario
1375 642 1569 702 pertine-

174 720 253 755 ret.
283 715 435 772 Itaque
462 727 602 755 unum
625 711 805 772 quidem
828 728 1014 769 nomen,
1036 712 1111 757 sed
1138 728 1204 757 res
1227 712 1426 770 infinita,
1450 713 1568 757 mul-

176 782 328 843 tiplex,
355 798 559 827 curarum
594 782 764 843 plenior
787 799 921 844 quam
940 782 1226 845 jocunditatis
1256 794 1332 829 aut
1347 780 1540 829 veritatis
1555 821 1565 841 ,

173 855 276 899 huic
301 854 541 915 disciplinae
559 854 737 900 accessit
760 855 964 910 historia,
990 872 1081 900 non
1113 865 1204 900 tam
1226 856 1328 916 ipsis
1354 856 1571 901 historicis

173 942 305 986 quam
329 926 620 984 grammaticis
653 926 886 972 laboriosa.
913 926 1020 981 Quis
1044 927 1160 971 enim
1185 926 1298 971 ferat
1317 927 1571 987 imperitum

172 996 311 1041 videri
333 997 573 1053 hominem,
595 998 670 1059 qui
684 997 850 1043 volasse
863 997 1094 1043 Daedalum
1112 1014 1204 1043 non
1219 998 1405 1043 audierit
1420 1020 1430 1056 3
1446 1014 1573 1042 men-

173 1068 326 1113 dacem
349 1068 473 1113 illum
496 1070 573 1130 qui
595 1070 791 1126 finxerit,
826 1070 1012 1115 stultum
1043 1071 1120 1131 qui
1143 1070 1398 1126 crediderit,
1422 1071 1572 1131 impu-

174 1138 352 1184 dentem
376 1141 452 1201 qui
474 1141 807 1200 interrogaverit
828 1158 919 1187 11011
941 1141 1112 1187 videri?
1134 1151 1212 1187 aut
1237 1142 1283 1185 111
1298 1158 1385 1203 quo
1403 1151 1573 1187 nostros

173 1210 406 1255 familiares
442 1212 629 1270 graviter
659 1213 853 1256 miserari
880 1212 997 1258 soleo
1012 1249 1023 1269 ,
1062 1213 1139 1274 qui
1161 1213 1196 1257 si
1219 1229 1310 1258 non
1331 1211 1573 1273 responde-

173 1282 261 1326 rint
285 1281 395 1342 quid
419 1292 572 1327 vocata
602 1283 656 1326 sit
675 1292 813 1327 mater
836 1282 1046 1341 Euryali,
1073 1293 1333 1328 accusantur
1354 1283 1538 1328 inscitiae
1560 1303 1569 1329 ε

174 1368 274 1397 cum
290 1352 369 1412 ipsi
382 1368 453 1397 eos
467 1388 477 1408 ,
494 1369 517 1396 a
540 1353 701 1413 quibus
723 1369 772 1397 ea
790 1362 1019 1413 rogantur,
1041 1369 1179 1399 vanos
1202 1363 1245 1399 et
1267 1354 1438 1414 ineptos
1455 1389 1466 1410 ,
1492 1369 1573 1399 nec

174 1424 367 1469 curiosos
384 1423 576 1469 audeant
598 1423 852 1486 appellare?

173 1582 1571 1601 mmmmmvmwwmmmmvmrmrvuummmmmmmmmmmmmmmm

661 1706 881 1758 CAPUT
928 1709 1077 1757 XIII.

423 1852 720 1899 Dialectiees
743 1863 790 1899 et
811 1852 1073 1900 rhetorices
1096 1855 1320 1899 inventio.

233 1993 487 2036 XXXVIII.
506 1994 608 2036 ILLA
623 1992 756 2051 igitur
778 1992 887 2037 ratio
901 1992 1094 2052 perfecta
1116 1991 1415 2052 dispositaque
1434 2006 1574 2050 gram-

175 2063 331 2107 matica
346 2099 356 2118 ,
374 2063 596 2107 admonita
613 2072 676 2107 cst
695 2078 891 2124 quaerere
905 2071 1037 2124 atque
1060 2061 1284 2107 attendere
1306 2063 1418 2106 hanc
1434 2062 1571 2122 ipsam

173 2135 259 2179 vim
269 2171 278 2189 ,
293 2151 380 2196 qua
391 2135 561 2195 peperit
572 2144 709 2179 artem
723 2150 844 2180 :nam
857 2150 952 2179 eam
968 2133 1235 2190 definiendo,
1247 2133 1569 2190 distribuendo,

174 2205 422 2266 colligendo
444 2224 534 2252 non
549 2206 691 2252 solum
706 2207 941 2266 digesserat
956 2217 1087 2269 atque
1105 2206 1397 2262 ordinaverat,
1418 2223 1572 2251 verum

176 2280 229 2323 ab
244 2280 361 2324 0111111
380 2280 509 2325 etiam
521 2279 717 2324 falsitatis
731 2280 969 2341 irreptione
983 2278 1252 2325 defenderat.
1266 2279 1454 2334 Quando
1468 2295 1571 2339 ergo

176 2351 376 2395 transiret
399 2351 455 2396 ad
474 2351 555 2396 alia
578 2350 850 2407 fabricanda,
879 2352 960 2396 nisi
976 2352 1066 2412 ipsa
1080 2366 1157 2395 sua
1177 2351 1299 2411 prius
1314 2351 1436 2412 quasi
1449 2367 1571 2411 quae-

176 2420 277 2464 dam
299 2422 651 2466 machinamenta
674 2431 717 2466 et
739 2423 1030 2467 instrumenta
1053 2420 1359 2481 distingueret,
1381 2430 1567 2477 notaret,

177 2491 411 2551 digereret,
439 2493 732 2554 proderetque
755 2493 894 2554 ipsam
917 2491 1193 2553 disciplinam
1215 2492 1565 2553 disciplinarum,
