1852 3163
620 164 752 191 Lmssa
784 163 840 190 DE
873 162 1007 190 BEATA
1040 162 1155 190 v1TA.
1491 151 1568 190 131

170 230 357 276 modatis
380 231 601 291 aperiente
630 239 763 292 atque
784 238 986 275 versante
1009 249 1017 275 :
1043 232 1184 288 Ergo,
1210 229 1391 289 inquam
1408 264 1418 284 ‚
1444 229 1574 273 mise-

170 317 269 346 rum
286 318 377 347 esse
394 317 569 347 omnem
591 301 668 362 qui
690 310 830 361 egeat,
846 299 1023 345 dubitat
1043 315 1174 343 nemo
1192 318 1201 343 ε
1218 314 1297 343 nec
1311 315 1389 344 nos
1407 308 1574 345 terrent

169 373 374 434 quaedam
392 372 655 433 sapientium
677 372 850 433 corpori
871 372 1124 417 necessaria.
1143 373 1243 417 Non
1256 371 1373 414 enim
1395 372 1453 416 eis
1475 381 1576 431 eget

168 445 260 504 ipse
282 445 475 501 animus,
501 444 548 488 in
569 460 660 505 quo
681 444 823 505 posita
845 453 910 489 est
929 444 1020 490 vita
1041 444 1185 488 beata.
1213 445 1309 502 Ipse
1332 442 1449 487 enim
1470 457 1575 502 per-

167 514 311 560 fectus
335 525 425 572 est,
461 514 611 560 nullus
639 525 789 561 autem
819 513 1039 577 perfectus
1068 512 1215 575 aliquo
1239 522 1364 572 eget,
1389 522 1434 558 et
1454 514 1576 574 quod

165 586 342 633 videtur
371 588 547 649 corpori
577 589 870 634 necessarium
906 596 1050 633 sumet
1065 622 1077 643 ‚
1115 586 1150 631 si
1177 585 1357 631 affuerit
1377 605 1388 632 ε
1427 586 1462 630 si
1483 602 1575 631 non

165 659 370 717 affuerit,
388 676 480 706 non
500 676 603 705 eum
629 660 813 706 istarum
835 675 983 705 rerum
1011 658 1186 718 franget
1218 657 1384 718 inopia.
1420 658 1575 702 Omnis

166 743 361 793 namque
372 731 543 793 sapiens
561 730 686 777 sortis
708 741 774 777 est
788 768 799 790 ,
824 730 974 777 nullus
991 740 1140 776 autem
1153 728 1277 774 fortis
1300 728 1470 790 aliquid
1486 745 1577 774 me-

166 802 268 848 tuit.
292 804 393 850 Non
414 803 550 862 igitur
569 803 730 848 metuit
752 803 925 865 sapiens
947 811 1024 848 aut
1044 810 1233 847 mortem
1254 801 1472 862 eorporis,
1498 810 1576 846 aut

167 873 357 931 dolores,
382 874 547 937 quibus
558 874 775 936 pellendis
786 875 859 922 vel
879 873 1070 921 vitandis
1088 874 1159 919 vel
1180 871 1454 929 differendis⁷
1473 881 1578 917 sunt

165 946 407 992 necessaria
426 945 526 1003 ina,
551 961 745 1008 quorum
771 947 811 992 ei
833 955 980 1007 potest
1001 945 1257 1005 contingere
1288 943 1453 1005 inopia.
1489 942 1575 989 Sed

167 1027 316 1065 tamen
331 1035 423 1065 non
443 1018 604 1064 desinit
625 1020 684 1064 eis
704 1019 820 1064 bene
840 1019 924 1077 uti,
945 1019 980 1065 si
1002 1019 1094 1080 ipsa
1117 1034 1208 1064 non
1229 1017 1409 1064 desunt.
1433 1016 1576 1063 Veris-

159 1092 274 1135 sima
300 1100 367 1135 est
389 1091 509 1135 enim
529 1090 605 1135 illa
622 1091 838 1136 sententia
856 1110 866 1136 ε

255 1177 336 1210 Nam
352 1180 391 1210 tu
405 1176 493 1220 quod
511 1176 618 1210 vitare
634 1176 740 1220 possis
756 1202 765 1219 ,
784 1176 922 1209 stultum
939 1176 1113 1209 admittere
1136 1180 1221 1210 estr.

168 1241 338 1286 Vitabit
359 1257 464 1301 ergo
485 1251 676 1286 mortem
689 1257 739 1286 ac
758 1240 958 1287 dolorem
971 1251 1189 1303 quantum
1210 1250 1357 1302 potest
1372 1250 1417 1286 et
1438 1257 1576 1303 quan-

167 1321 266 1358 tum
281 1311 423 1370 decet,
438 1328 495 1357 ne
516 1313 550 1357 si
573 1313 753 1358 minime
767 1313 967 1358 vitaverit
978 1348 989 1369 ‚
1010 1329 1100 1357 non
1115 1328 1168 1356 ex
1181 1327 1234 1357 eo
1250 1313 1380 1356 miser
1400 1313 1456 1357 sit
1473 1313 1577 1375 quia

166 1385 263 1430 haee
282 1385 492 1431 accidunt
506 1420 518 1442 ⁷
543 1384 621 1430 sed
642 1385 748 1447 quia
768 1385 907 1431 vitare
928 1400 1032 1430 cum
1054 1393 1223 1446 posset⁷
1248 1384 1394 1430 noluit
1420 1405 1428 1431 :
1452 1384 1576 1447 quod

165 1455 451 1503 manifestum
482 1457 682 1503 stultitiae
713 1458 889 1519 signum
922 1466 1003 1503 est.
1034 1457 1132 1502 Erit
1153 1472 1257 1518 ergo
1280 1457 1361 1503 ista
1393 1473 1484 1503 non
1503 1457 1574 1503 vi-

167 1538 288 1587 tans,
313 1545 406 1576 non
438 1545 590 1576 earum
611 1545 760 1576 rerum
789 1529 1092 1592 perpessione,
1119 1528 1196 1574 sed
1217 1529 1403 1575 stultitia
1424 1531 1571 1576 miser.

169 1601 216 1649 Si
235 1611 386 1648 autem
405 1618 498 1649 non
516 1602 705 1650 valuerit
725 1603 888 1649 evitare
903 1637 915 1659 ‚
939 1618 1044 1648 cum
1061 1600 1108 1646 id
1123 1600 1278 1647 sedulo
1300 1617 1351 1647 ac
1367 1601 1576 1648 decenter

169 1674 333 1734 egerit,
372 1690 465 1720 non
490 1688 595 1719 eum
619 1675 703 1719 ista
729 1673 940 1719 irruentia
961 1673 1171 1718 miserum
1192 1672 1371 1719 facient.
1398 1675 1575 1720 Etenim

166 1755 216 1792 et
229 1745 305 1792 illa
321 1745 519 1808 ejusdem
539 1746 706 1793 Comici
723 1746 939 1792 sententia
960 1762 1052 1793 non
1064 1746 1211 1792 minus
1227 1762 1331 1793 vera
1351 1755 1418 1793 est
1443 1767 1452 1793 :

264 1856 496 1865 .......
520 1829 679 1871 Quoniam
692 1831 726 1865 id
741 1830 811 1865 fieri
825 1831 911 1875 quod
924 1830 973 1865 vis
988 1842 1052 1865 non
1069 1834 1180 1876 potest
1189 1857 1198 1875 ‚

258 1887 343 1922 Velis
359 1888 393 1921 id
410 1887 499 1931 quod
514 1887 619 1932 possit
630 1895 657 1921 ².

172 1954 408 2010 Quomodo
423 1956 506 2001 erit
516 1955 647 2000 miser
660 1991 672 2012 ‚
694 1955 765 2001 cui
778 1954 890 2000 nihil
912 1954 1072 2001 accidit
1092 1964 1255 2016 praeter
1275 1955 1579 2003 voluntatem?

170 2027 283 2082 Quia
294 2027 417 2089 quod
437 2027 522 2073 sihi
533 2027 656 2074 videt
675 2043 767 2073 non
780 2043 905 2088 posse
920 2027 1167 2088 provenire,
1184 2044 1276 2073 non
1289 2037 1435 2089 potest
1446 2028 1575 2075 velle.

171 2099 319 2145 Habet
340 2099 458 2144 enim
481 2114 631 2145 rerum
650 2099 990 2144 certissimarum
1010 2099 1286 2146 voluntatem
1301 2136 1313 2157 ,
1338 2099 1386 2145 id
1406 2110 1496 2158 est,
1528 2111 1580 2147 ut

169 2170 392 2234 quidquid
425 2171 540 2232 agit,
579 2187 671 2217 non
700 2180 806 2231 agat
840 2171 924 2216 nisi
951 2187 1004 2216 ex
1038 2171 1215 2218 virtutis
1236 2172 1431 2235 quodam
1462 2189 1580 2234 prae-

172 2244 333 2305 scripto
353 2252 400 2289 et
430 2242 578 2289 divina
596 2243 693 2303 lege
720 2243 971 2304 sapientiae,
1009 2260 1112 2305 quae
1145 2244 1270 2291 nullo
1298 2245 1354 2291 ab
1376 2260 1428 2291 eo
1450 2255 1580 2306 pacto

173 2315 283 2377 eripi
303 2325 507 2377 possunt.

224 2433 232 2450 ¹
249 2427 380 2459 Terent.
396 2425 428 2458 in
450 2426 602 2459 Eunuch.
619 2432 682 2459 act.
703 2438 747 2468 iv,
761 2436 849 2459 scen.
873 2436 904 2468 7.
933 2443 973 2449 —-
995 2433 1007 2449 2
1027 2426 1074 2460 Id.
1091 2427 1123 2459 in
1139 2428 1235 2460 Andr.
1256 2433 1322 2461 act.
1344 2441 1380 2470 ιι,
1397 2439 1484 2462 scen.
1504 2439 1555 2461 10.

1323 2585 1361 2621 ἕ).
