1888 3168
305 184 388 225 342
754 196 787 221 s.
824 192 1055 223 AUGUSTINI
1087 194 1269 222 Emscom

305 278 376 307 sex
389 296 400 317 ,
421 273 569 305 nonne
591 257 873 304 manifestum
895 262 992 304 est?
1013 263 1065 304 D.
1083 259 1384 305 Manifestum.
1399 263 1461 306 M.
1487 264 1577 307 Cur
1594 278 1697 323 ergo

305 343 348 378 et
368 331 481 377 illud
502 347 593 376 non
613 330 893 376 manifestum
914 331 993 376 sit?
1014 334 1125 377 Nam
1139 332 1225 377 hoc
1246 331 1447 377 dicebam
1461 347 1563 379 cum
1584 333 1694 381 duos

302 414 449 450 motus
480 402 641 447 habere
678 402 734 447 ad
755 418 799 447 se
832 418 956 463 posse
993 401 1184 464 aliquem
1221 418 1455 448 numerum
1476 402 1691 463 dicerem,

303 475 425 521 velut
441 490 582 519 unum
603 473 659 518 ad
679 473 769 518 duo
787 509 798 530 ,
824 474 914 519 duo
932 472 988 518 ad
1007 473 1111 530 tria,
1139 475 1221 519 tria
1238 473 1294 520 ad
1315 484 1530 536 quatuor,
1554 492 1696 521 unum

304 547 360 592 ad
381 547 486 602 tria,
512 547 601 591 duo
625 545 680 590 ad
709 560 801 600 sex,
839 553 883 589 et
904 545 937 589 si
967 560 1076 605 quos
1105 544 1209 590 alios
1242 560 1465 591 recensere
1487 546 1691 592 volueris.

304 619 381 663 His
411 617 529 661 enim
551 616 757 675 cognitis,
782 625 846 660 est
867 624 910 660 et
929 616 1154 676 potestatis
1178 618 1381 678 persequi
1402 628 1557 663 caetera
1571 655 1582 675 ,
1607 619 1695 665 sive

302 698 468 749 septem
491 687 546 733 ad
568 688 740 743 decem,
767 687 855 732 sive
875 688 1072 749 quinque
1090 687 1141 732 ad
1159 697 1257 733 octo
1270 724 1280 744 ‚
1302 698 1345 733 et
1361 689 1580 751 quidquid
1597 707 1692 736 om-

302 761 408 805 nino
438 770 502 805 est
525 760 571 804 in
594 759 768 803 duobus
790 759 981 803 motibus
1003 759 1062 803 ita
1089 769 1233 820 partes
1256 759 1472 806 dimensas
1489 762 1696 807 habenti-

301 834 384 877 bus
408 832 463 876 ad
494 831 703 887 invicem7
736 840 786 875 ut
808 831 975 891 possint
996 830 1081 875 dici
1104 841 1169 876 tot
1192 832 1248 876 ad
1279 841 1344 877 tot
1359 869 1370 889 7
1396 833 1484 879 sive
1505 833 1695 894 aequales

301 905 474 950 numeri
490 904 597 959 sint,
623 904 711 948 sive
739 902 847 947 alius
868 904 1027 963 major,
1056 903 1166 949 alius
1187 905 1345 953 minor.
1372 907 1425 954 D.
1446 908 1546 952 Jam
1563 905 1695 953 intel-

300 978 390 1037 ligo
406 1012 417 1034 ,
443 986 486 1021 et
501 976 595 1020 fieri
616 991 742 1036 posse
764 975 973 1020 concedo.

300 1147 1696 1166 ΝΑΜΜἎΜΜΜΝῚΜΛἮΜΜΜΜΜΝΛΜΜΜΜΜΜΛΑΜΜΜΜΜΜΜΜΜ

815 1270 1034 1321 CAPUT
1089 1273 1178 1321 IX.

330 1406 497 1452 illotus
520 1404 839 1452 rationabiles
862 1415 909 1451 et
929 1405 1313 1463 irrationabiles,
1334 1408 1674 1451 connumerati

824 1487 870 1522 et
892 1476 1188 1523 dinumerati

359 1616 458 1659 XV.
492 1616 553 1658 M.
591 1616 727 1658 ILLUD
760 1613 916 1669 etiam,
947 1622 998 1657 ut
1034 1612 1212 1673 opinor,
1253 1612 1486 1671 intelligis,
1523 1628 1699 1674 omnem

300 1701 551 1731 mensuram
582 1696 624 1730 et
651 1685 834 1730 modum
875 1685 1229 1730 immoderationi
1261 1694 1305 1729 et
1341 1685 1548 1729 infinitati
1583 1694 1701 1730 recte

302 1758 524 1818 anteponi.
561 1761 613 1802 D.
640 1755 1042 1803 lll'anifestissimum
1077 1766 1155 1801 est.
1192 1760 1254 1802 M.
1280 1760 1378 1802 Duo
1401 1757 1534 1816 igitur
1554 1767 1700 1803 motus

301 1830 379 1890 qui
413 1829 469 1873 ad
487 1844 576 1873 sese
595 1864 605 1884 ⁷
632 1838 681 1873 ut
705 1828 873 1872 dictum
896 1838 982 1884 est,
1007 1828 1172 1872 habent
1206 1827 1399 1888 aliquam
1421 1844 1700 1873 numerosam

301 1901 618 1945 dimensionem
633 1936 643 1956 ‚
672 1900 720 1943 iis
741 1900 818 1960 qui
843 1915 939 1944 eam
962 1916 1053 1944 non
1075 1899 1240 1944 habent
1262 1899 1561 1960 anteponendi
1577 1910 1694 1946 sunt.

301 1977 354 2019 I).
381 1977 438 2017 Et
460 1974 544 2017 hoc
572 1972 856 2017 manifestum
878 1982 941 2017 est
973 1982 1105 2033 atque
1127 1988 1427 2033 consequens:
1455 1971 1552 2017 illos
1583 1973 1699 2017 enim

302 2054 446 2090 certus
474 2043 653 2104 quidam
683 2043 861 2105 modus,
898 2053 1030 2104 atque
1063 2059 1267 2088 mensura
1303 2043 1469 2104 quaein
1506 2045 1699 2089 numeris

302 2126 366 2161 est
384 2153 395 2175 ,
419 2115 591 2159 sibimet
613 2114 817 2175 copulat,
843 2132 929 2177 qua
947 2116 1023 2176 qui
1044 2125 1195 2160 carent
1210 2151 1221 2172 ‚
1241 2131 1331 2160 non
1348 2116 1502 2176 utique
1525 2116 1607 2160 sibi
1625 2115 1700 2161 ali-

301 2204 389 2249 qua
425 2187 592 2232 ratione
615 2188 882 2247 junguntur.
917 2190 978 2232 Μ.
1006 2186 1292 2247 Appellemus
1313 2202 1438 2245 ergo,
1472 2186 1507 2231 si
1528 2186 1694 2247 placet,

300 2259 397 2305 illos
427 2260 504 2321 qui
530 2260 642 2303 inter
671 2275 714 2303 se
738 2258 921 2303 dimensi
943 2269 1068 2315 sunt,
1103 2259 1406 2317 rationabiles3
1434 2258 1529 2303 illos
1551 2269 1698 2304 autem

300 2332 377 2393 qui
399 2348 449 2376 ea
471 2331 742 2376 dimensione
766 2341 940 2387 carent,
967 2330 1298 2376 irrationabiles.
1328 2335 1380 2376 D.
1409 2330 1558 2376 Placet
1574 2347 1692 2376 Vero.

300 2406 362 2448 M.
388 2406 413 2447 J
418 2419 485 2447 am
511 2402 622 2447 illud
645 2402 822 2447 attende
838 2439 848 2459 ,
869 2412 1021 2448 utrum
1042 2403 1124 2447 tibi
1144 2402 1344 2448 videatur
1362 2403 1500 2463 major
1513 2418 1697 2447 concor-

301 2475 373 2519 dia
391 2475 437 2518 in
459 2474 651 2518 motibus
675 2474 1008 2519 rationabilibus
1031 2491 1182 2520 eorum
1202 2475 1277 2536 qui
1292 2473 1482 2536 aequales
1500 2483 1603 2519 sunt
1624 2474 1694 2517 in·-

302 2556 368 2590 ter
390 2562 458 2602 se,
485 2562 616 2606 quam
641 2562 793 2591 eorum
815 2547 891 2606 qui
916 2556 1018 2592 sunt
1040 2547 1291 2607 inaequales.
1318 2550 1370 2592 D.
1389 2547 1472 2594 Cui
1498 2547 1582 2591 hoc
1606 2561 1693 2591 non
