1888 3168
311 212 396 251 286
754 222 788 249 s.
823 216 1054 249 AUGUSTINI
1086 219 1270 248 Emscom

311 360 1160 380 mmmmmmmmmmwummxvu
1164 358 1693 379 mmmmmwummm

1526 394 1545 410 Ἄ

761 482 981 533 CAPUT
1025 485 1219 534 XXIII.

305 631 492 677 Anima
514 631 709 676 tametsi
718 646 812 691 per
832 638 984 676 totam
1009 646 1183 692 corpas
1203 632 1347 676 sentit
1356 666 1373 688 ,
1392 646 1490 677 non
1511 628 1694 676 idcirco

364 712 435 748 est
447 718 556 748 cum
573 718 773 762 corpore
791 711 1010 748 extensa.
1042 700 1178 766 Quid
1201 717 1366 748 sensas
1389 712 1436 748 et
1457 700 1698 763 quomodo

343 776 413 836 fit
428 773 564 820 visio.

356 912 473 955 XLI.
500 914 552 956 Α.
584 914 679 957 AGE
700 927 803 956 vcro
846 912 1151 972 aggrediamur
1179 911 1301 973 quod
1327 912 1416 968 vis,
1452 910 1529 956 sed
1554 911 1696 955 multo

301 992 341 1027 te
364 982 471 1026 mihi
493 983 724 1028 attentiore
759 999 868 1043 opus
892 993 981 1040 est,
1022 1000 1157 1045 quam
1189 993 1231 1028 16
1263 983 1445 1028 fortasse
1482 982 1700 1027 existimas

297 1070 388 1099 esse
410 1054 587 1098 debere.
614 1057 758 1108 Quare
780 1053 913 1100 facito
939 1065 990 1100 ut
1010 1072 1143 1116 quam
1164 1055 1350 1101 maxime
1373 1053 1485 1099 adsis
1500 1089 1511 1110 ,
1537 1070 1586 1098 ac
1608 1069 1697 1098 res-

298 1124 491 1186 pondeas
514 1125 649 1181 mihi,
674 1126 888 1187 quidnam
909 1127 991 1171 11111
1014 1126 1215 1172 videatur
1236 1128 1315 1172 iste
1339 1142 1430 1171 esse
1443 1141 1591 1170 56115115
1604 1141 1694 1185 quo

298 1197 441 1241 anima
476 1212 554 1257 per
577 1212 735 1257 corpus
768 1198 908 1242 utitur
931 1218 940 1243 z
961 1214 1064 1243 nam
1084 1199 1175 1260 ipse
1192 1201 1282 1260 jam
1305 1198 1482 1243 nomine
1518 1197 1697 1258 proprio

297 1283 447 1313 56115115
469 1266 645 1312 dicitur.
668 1270 720 1312 E.
749 1271 907 1314 Sensus
935 1286 1024 1314 esse
1060 1271 1258 1332 quinque
1279 1270 1430 1315 audire
1461 1268 1600 1325 soleo,
1628 1268 1696 1313 vi-

295 1339 458 1395 dendi,
484 1338 717 1395 audiendi,
755 1338 1011 1396 olfaciendi,
1053 1342 1257 1399 gustandi
1290 1351 1422 1403 atque
1449 1339 1660 1399 tangendi
1685 1358 1696 1384 ε

294 1409 394 1470 plus
416 1411 526 1472 quid
539 1410 826 1471 respondeam
844 1411 1005 1456 nescio.
1032 1414 1084 1456 A.
1108 1412 1288 1456 Partitio
1312 1413 1392 1455 ista
1407 1410 1699 1456 vetustissima

295 1493 384 1541 est„
431 1493 475 1528 et
506 1482 597 1528 scre
642 1484 689 1528 in
730 1484 1016 1529 concionibus
1057 1483 1290 1528 celebrata.
1337 1482 1508 1528 Vellem
1549 1490 1698 1526 autem

293 1554 468 1599 definiri
489 1556 599 1600 mihi
616 1555 692 1600 abs
715 1565 757 1600 16
787 1554 896 1616 quid
915 1555 970 1599 511
997 1555 1087 1615 ipse
1118 1571 1265 1599 sensus
1281 1590 1292 1610 ‚
1328 1563 1380 1598 ut
1408 1553 1562 1598 eadem
1584 1552 1697 1597 defi-

294 1625 464 1671 nitione
486 1626 634 1671 omnia
655 1625 730 1670 illa
750 1625 1104 1682 includerentur,
1141 1642 1284 1687 neque
1312 1624 1432 1670 aliud
1452 1620 1698 1686 quidquam

293 1697 417 1758 quod
433 1714 583 1743 sensus
606 1713 698 1743 non
715 1708 847 1753 esset,
868 1698 914 1741 in
944 1713 993 1742 ea
1013 1696 1334 1757 intelligeretur
1360 1717 1370 1742 ι
1394 1696 1471 1741 sed
1488 1696 1523 1741 si
1548 1695 1595 1740 id
1606 1712 1698 1741 11011

297 1778 466 1830 potest,
482 1769 594 1814 nihil
614 1785 765 1829 urgeo.
795 1768 914 1814 Illud
937 1769 1054 1812 enim
1067 1768 1189 1830 quod
1206 1769 1306 1813 satis
1328 1778 1414 1824 est,
1435 1777 1553 1813 certe
1572 1777 1696 1828 potes

294 1856 438 1885 meam
460 1840 763 1886 definitionem
773 1839 843 1886 vel
861 1838 1059 1884 refellere
1069 1839 1140 1885 vel
1152 1840 1354 1900 probare.
1374 1843 1426 1884 E.
1449 1842 1544 1884 Hoc
1561 1838 1696 1884 modo

295 1911 378 1957 tibi
400 1910 582 1955 fortasse
604 1926 696 1955 non
723 1910 856 1955 deero
872 1946 883 1965 7
906 1919 1124 1970 quantum
1145 1910 1270 1955 valeo
1297 1927 1414 1956 :non
1427 1910 1544 1955 enim
1556 1911 1695 1955 611106

293 1998 464 2042 semper
493 1990 558 2026 est
591 1980 736 2025 facile.
773 1983 826 2024 A.
853 1979 1044 2024 Attende
1075 1995 1177 2038 crgo
1204 1999 1213 2025 z
1237 1995 1339 2025 nam
1374 1996 1549 2025 sensum
1585 1991 1694 2041 puto

294 2068 386 2097 esse
400 2088 411 2107 ,
447 2068 537 2096 non
559 2051 696 2096 latere
715 2051 905 2095 animam
939 2049 1062 2112 quod
1082 2051 1247 2111 patitur
1268 2067 1440 2112 corpus.
1467 2055 1520 2096 E.
1546 2051 1694 2097 Placet

293 2123 400 2167 mihi
416 2123 510 2167 haec
532 2121 745 2166 definitio.
771 2124 823 2166 A.
845 2120 1008 2166 Adesto
1024 2138 1126 2182 ergo
1147 2122 1250 2167 111116
1273 2132 1481 2184 tanquam
1504 2132 1614 2178 tute,
1643 2139 1692 2168 ac

298 2204 420 2239 tuere
443 2194 585 2253 illam>
621 2195 728 2239 dum
750 2211 774 2238 a
805 2210 876 2239 me
913 2194 1135 2255 paulisper
1161 2193 1389 2238 refellitur.
1426 2197 1479 2239 E.
1518 2194 1693 2239 Tuebor

294 2281 396 2310 sane
429 2266 463 2310 51
492 2276 543 2310 111
579 2265 795 2326 adjuveris
822 2284 830 2310 :
867 2265 934 2309 sin
961 2266 1161 2321 minime,
1194 2266 1285 2325 jam
1319 2265 1426 2308 mihi
1455 2265 1652 2325 displicet
1679 2285 1688 2311 :

293 2352 384 2381 non
401 2337 517 2381 enim
534 2336 694 2381 frustra
720 2336 803 2380 tibi
819 2335 910 2381 visa
928 2345 992 2380 est
1014 2335 1266 2380 refellenda.
1287 2338 1340 2380 A.
1365 2335 1466 2382 Noli
1487 2336 1616 2381 nimis
1639 2352 1690 2380 ex

292 2408 551 2453 auctoritate
580 2407 794 2467 pendere,
838 2408 1079 2468 praesertim
1110 2423 1206 2452 mea
1231 2424 1331 2469 quae
1363 2406 1485 2452 nulla
1518 2417 1596 2452 est.
1630 2410 1688 2452 Et

298 2477 420 2539 quod
437 2479 496 2522 ait
518 2478 721 2522 Horatius
744 2498 752 2522 :
781 2480 938 2538 Sapere
960 2478 1095 2524 aude1
1125 2497 1134 2524 z
1159 2494 1214 2523 ne
1236 2495 1326 2524 non
1347 2488 1390 2524 te
1408 2478 1518 2524 ratio
1533 2478 1687 2538 subju-

344 2572 351 2587 ¹
375 2565 445 2597 Lib.
465 2577 476 2597 1
495 2564 663 2608 Eplstolar.
685 2565 723 2597 ad
738 2565 882 2597 Lollium.
