1888 3168
767 268 916 297 mmzx.
1463 259 1547 298 583

154 334 227 366 CAr.
246 343 311 367 xvi.
338 335 386 368 Ne
398 333 430 367 in
442 334 580 369 animam
599 335 729 379 quidem
746 334 962 369 irrationalem
974 336 1138 369 rationalis
1154 336 1259 370 anima
1271 338 1437 372 converti-

359 394 422 422 tur.
448 389 562 423 Anima
576 395 645 424 tota
656 395 711 423 est
723 391 831 424 intoto
848 401 984 435 corpore
1003 396 1037 424 et
1052 392 1179 435 singulis
1195 393 1351 436 partibus,
1489 395 1554 428 242

439 516 524 565 DE
561 516 990 584 QUANTITATE
1026 517 1276 569 ANIMAE-

659 635 834 680 LIBER
878 635 1042 681 UNUS.

154 748 200 785 In
212 746 333 785 hocce
348 747 499 796 dialogo
519 758 590 786 sex
605 750 653 786 de
667 751 796 787 anima
811 751 1042 798 quaestiones
1056 762 1078 789 a
1090 751 1325 789 collocutore
1335 761 1554 800 proponun-

199 810 263 844 tur
281 808 520 855 Augustino;
540 818 706 855 quarum
724 810 877 847 tertiam
896 839 905 853 ‚
926 810 1076 849 seilicet
1099 814 1241 859 quanta
1260 811 1309 849 sit
1322 812 1470 853 anima,
1491 822 1555 859 pe-

199 866 319 903 nitius
338 869 572 904 tractaturus
587 868 790 915 distinguit
804 869 995 916 imprimis
1015 871 1160 918 duplex
1180 867 1400 918 quantitatis
1419 882 1552 918 genus,

198 936 321 962 unum
333 936 354 962 a
366 926 468 962 mole
483 929 523 963 et
539 927 615 962 loci
630 927 767 974 spatio,
783 929 950 965 alterum
967 930 1170 977 apotentia
1186 930 1376 968 etvirtute
1393 930 1554 975 dietum;

198 985 297 1021 illud
316 985 476 1032 quidem
492 987 666 1032 corporis
683 987 884 1034 proprium
903 990 950 1026 ab
968 989 1096 1026 anima
1113 1000 1198 1036 quae
1210 1001 1368 1037 prorsus
1381 989 1554 1038 incorpo-

198 1055 264 1081 rea
280 1045 330 1082 sit
347 1043 504 1082 excludi
520 1058 528 1081 z
554 1045 628 1082 hoc
642 1050 771 1082 autem
791 1047 954 1094 reperiri
969 1048 1008 1084 in
1024 1048 1091 1085 illa
1110 1050 1237 1102 docet3
1249 1049 1398 1085 Deinde
1411 1051 1554 1096 magni-

198 1104 344 1141 tudinis
358 1104 470 1141 istius
484 1105 623 1151 gradus
642 1108 790 1152 septem
807 1106 992 1154 assignat,
1014 1108 1061 1145 ad
1077 1119 1172 1155 quos
1191 1112 1348 1147 revocat
1365 1109 1553 1156 quidquid

199 1164 328 1200 anima
346 1163 516 1200 humana
534 1164 616 1203 sive
642 1166 684 1201 in
710 1176 893 1212 corpore,
913 1166 993 1204 sive
1012 1167 1051 1203 in
1078 1179 1119 1205 se
1147 1167 1249 1215 ipsa,
1270 1168 1354 1207 sive
1382 1169 1550 1216 denique

198 1223 303 1269 apud
320 1223 447 1259 Deum
462 1223 579 1261 valet.

186 1319 261 1351 CAP.
286 1329 309 1351 1.
333 1319 396 1351 Sex
422 1319 463 1351 de
494 1319 599 1351 anima
628 1321 818 1363 quaestiones
851 1322 1004 1365 proponit
1034 1323 1188 1365 Evodius,
1213 1340 1256 1346 -—
1273 1323 1366 1356 Unde
1399 1323 1440 1357 sit

350 1376 472 1408 anima.
491 1392 535 1399 —-·
559 1376 678 1409 Animae
693 1377 796 1420 patria
810 1380 904 1411 Deus.
919 1396 963 1403 —-
981 1378 1101 1412 Animae
1118 1379 1298 1413 substantia
1311 1380 1439 1423 propria

350 1437 385 1465 et
399 1432 546 1476 simplex.
1484 1438 1550 1470 245

267 1500 303 1521 11.
329 1488 443 1522 Anima
459 1487 561 1530 qualis
577 1489 630 1519 sit.
1483 1494 1548 1526 247

258 1555 306 1578 111.
332 1544 446 1577 Anima
458 1546 577 1587 quanta
591 1542 644 1574 sit.
1478 1549 1547 1582 248

259 1613 304 1634 iv.
330 1600 482 1634 Animam
496 1598 639 1633 nonnihil
656 1608 745 1631 esse.
765 1599 895 1633 tametsi
914 1609 975 1632 nec
990 1599 1083 1643 longa
1103 1610 1165 1634 nec
1181 1600 1247 1635 lata
1258 1601 1309 1635 sit.
1326 1619 1368 1626 —
1384 1602 1438 1637 Al-

343 1657 448 1690 titudo
462 1656 539 1699 quid
559 1656 611 1688 sit,
629 1672 672 1678 —
686 1657 807 1688 ventus
824 1655 900 1699 quid
921 1655 979 1688 sit.
1477 1662 1544 1695 249

259 1727 293 1748 v.
320 1713 446 1748 Infinita
464 1712 576 1745 animae
593 1711 654 1745 vis.
1476 1719 1543 1750 252

246 1783 292 1805 V1.
320 1770 500 1814 Longitudo
519 1780 608 1802 mera
627 1775 660 1802 et
676 1768 822 1812 simplex.
1477 1775 1544 1807 254

239 1840 295 1862 vu.
322 1826 586 1871 Compendiosior
604 1829 638 1858 et
648 1824 844 1858 multitudini
854 1825 955 1859 tutior
968 1825 1007 1859 ad
1019 1826 1169 1860 veritatis
1185 1827 1434 1871 perceptionem

343 1885 396 1918 via
410 1894 469 1928 per
482 1883 710 1916 auctoritatem
723 1893 818 1926 quam
836 1893 894 1926 per
908 1882 1079 1916 rationem.
1476 1888 1542 1921 256

237 1953 304 1976 vin.
331 1944 378 1975 De
404 1940 509 1983 figuris
530 1939 777 1972 mathematicis,
798 1957 840 1962 ——
859 1941 944 1978 Quot
959 1939 1050 1972 lineis
1077 1938 1175 1982 figura
1192 1938 1258 1973 fiat.
1279 1958 1322 1964 -—
1343 1943 1434 1980 Quo-

348 1998 447 2032 modo
465 1996 567 2029 tribus
585 1995 676 2028 lineis
693 1995 792 2038 figura
811 1996 910 2039 possit
927 1995 1006 2029 fieri.
1481 2000 1545 2033 257

262 2066 307 2089 ix.
334 2057 410 2095 Quae
428 2054 527 2097 figura
548 2053 778 2097 praestanstior.
802 2055 838 2087 In
864 2053 1023 2096 triangulo
1048 2054 1124 2098 quid
1157 2054 1272 2097 angulo
1304 2061 1436 2090 contra-

345 2111 460 2144 rietur:
1481 2116 1548 2149 258

276 2180 306 2201 x.
334 2169 465 2201 Summa
482 2166 645 2211 aequalitas
661 2166 693 2200 in
706 2167 822 2211 figuris.
1480 2172 1546 2205 260

259 2235 304 2257 xl.
331 2224 518 2267 Figurarum
534 2224 732 2267 praestantia.
758 2241 801 2248 -
820 2223 951 2266 Signum
970 2223 1059 2267 quid.
1080 2241 1122 2248 —
1141 2225 1298 2258 Punctum
1315 2225 1401 2269 quid.
1484 2229 1550 2261 262

249 2292 311 2314 xn.
337 2280 453 2313 Puncti
468 2280 624 2324 potentia.
1384 2279 1391 2284 '
1480 2285 1547 2318 264

229 2347 300 2370 xm.
324 2336 456 2369 Animus
474 2336 682 2379 incorporeus
696 2335 804 2368 cernit
820 2336 1023 2379 incorporea.
1043 2354 1085 2361 -—
1103 2336 1233 2371 Animus
1248 2337 1324 2381 quid
1337 2337 1387 2371 sit.
1482 2341 1548 2374 266

238 2405 303 2426 xiv.
330 2392 461 2426 Animus
479 2392 689 2435 incorporeus
701 2396 856 2435 quantum
873 2392 993 2426 valeat.
1479 2398 1544 2430 267

248 2459 304 2482 xv.
331 2448 500 2491 Objicitur
513 2449 652 2482 animam
664 2453 762 2481 aetate
777 2448 938 2482 crescere.
1477 2455 1543 2487 270

235 2516 302 2538 xw.
329 2506 553 2549 Respondetur
573 2505 752 2547 objectioni
782 2510 815 2538 et
832 2506 1011 2538 ostenditur
1031 2507 1170 2540 animam
1194 2508 1262 2540 sine
1275 2519 1434 2552 corporeo

347 2562 546 2595 incremento
566 2561 736 2605 prolicere.
1472 2567 1534 2598 271

221 2628 297 2651 xvii.
324 2618 436 2652 Anima
455 2617 558 2661 spatio
577 2618 730 2661 temporis
750 2628 899 2651 crescere
921 2619 1041 2653 dicitur
1065 2620 1313 2664 metaphoricos.
1476 2623 1540 2653 273
