1852 3163
644 155 698 181 DE
731 156 892 192 onium:
925 156 1009 182 ΜΒ.
1047 155 1095 181 11·
1493 144 1577 182 207

176 239 263 284 que
295 223 530 282 perficere:
556 220 744 281 inspexit
770 219 1098 278 diligentissime
1130 214 1377 281 cujusmodi
1407 230 1578 279 essent3

177 294 422 355 reperiebat
445 292 614 338 divinos
650 301 695 336 et
723 292 1031 351 sempiternos,
1056 293 1299 352 praesertim
1329 292 1452 353 quod
1479 292 1581 353 ipsis
1631 307 1634 313 “

177 366 487 412 auxiliantibus
509 364 656 410 omnia
687 364 912 424 superiora
935 373 1233 409 contexuerat.
1259 367 1317 409 Et
1345 365 1435 425 jam
1469 365 1579 409 tole-

177 439 301 484 rabat
348 438 570 497 aegerrime
602 435 883 497 splendorem
916 435 1095 481 illorum
1131 445 1264 498 atque
1302 436 1581 480 serenitatem

174 526 382 571 corporea
394 524 556 555 vocum
567 508 749 553 materia
762 508 1019 554 decolorari.
1038 508 1315 570 thuoniam
1328 506 1442 552 illud
1459 507 1581 568 quod

176 599 298 628 mens
314 582 435 628 videt
446 590 641 642 ‚semper
658 591 722 626 est
739 597 951 642 praesens,
967 591 1011 626 et
1028 580 1275 626 immortale
1290 579 1579 641 approbatur,

175 656 299 717 cujus
318 654 487 715 generis
509 653 686 698 numeri
708 654 982 715 apparebant
1002 673 1011 699 :
1033 669 1164 698 sonus
1188 663 1335 697 autem
1359 652 1463 713 quia
1483 667 1584 696 sen-

175 726 310 771 sibilis
338 742 404 771 res
428 735 516 781 est,
541 725 804 787 praeterfluit
825 726 872 770 in
895 725 1168 786 praeteritum
1203 734 1399 784 tempus,
1426 723 1582 783 impri-

175 797 397 859 miturque
411 798 650 854 memori-se,
662 796 914 843 rationabili
924 796 1153 842 mendacio
1160 797 1252 858 jam
1259 795 1397 856 poetis
1408 794 1583 840 favente

176 869 342 914 ratione
367 868 756 931 (quaerendum-ne
779 869 888 931 quid
905 868 1135 929 propagini
1167 866 1366 913 similiter
1397 867 1583 925 inesset)

174 941 294 986 Jovis
331 950 375 986 et
405 941 630 986 Memoriae
652 941 761 986 filias
782 944 929 987 Musas
962 956 1053 985 esse
1076 940 1318 985 confictum
1348 947 1427 983 est.
1456 936 1583 982 Unde

173 1013 253 1057 ista
275 1012 506 1073 disciplina
526 1029 678 1059 sensus
699 1012 1040 1074 intellectusque
1062 1012 1278 1073 particeps
1300 1011 1479 1057 musicae
1501 1025 1584 1055 no-

173 1100 277 1130 men
297 1094 482 1131 invenit.

175 1246 707 1263 mm1mxwmm1wv=wuwv
715 1243 1577 1262 mfflmmmmmwmmmssmmm

680 1368 903 1419 CAPUT
958 1370 1070 1418 XV.

503 1514 821 1563 Geometrz'ccc
852 1524 901 1561 et
931 1515 1257 1561 astronomia.

232 1657 374 1700 XLII.
411 1657 522 1700 Hinc
544 1665 610 1700 est
645 1655 844 1716 profecta
872 1655 919 1699 in
943 1653 1174 1700 oculorum
1199 1668 1323 1714 opes,
1354 1661 1398 1698 et
1425 1661 1586 1697 terram

174 1727 428 1789 coelumque
448 1726 709 1773 collustrans
722 1763 733 1783 ‚
755 1726 888 1771 sensit
908 1725 1019 1770 nihil
1041 1725 1162 1770 aliud
1183 1741 1318 1786 quam
1336 1723 1587 1787 pulchritu-

174 1800 324 1844 dinem
341 1799 423 1843 sibi
445 1799 640 1859 placere,
668 1808 712 1843 et
733 1799 780 1842 in
800 1796 1134 1858 pulchritudine
1156 1798 1316 1856 figuras
1332 1833 1342 1853 ‚
1368 1797 1415 1840 in
1436 1795 1587 1856 figuris

174 1872 491 1928 dimensiones,
523 1871 571 1916 in
618 1870 968 1916 dimensionibus
1015 1885 1223 1915 numeros
1245 1889 1254 1915 :
1291 1869 1584 1931 quaesivitque

173 1945 267 2006 ipsa
289 1961 438 1991 secum
453 1981 464 2000 ,
489 1953 641 1989 utrum
671 1944 732 1988 ibi
756 1943 854 1988 talis
875 1942 991 1988 linea
1014 1942 1202 2003 talisque
1220 1942 1490 1998 rotunditas,
1515 1941 1587 1987 vel

175 2015 388 2078 quaelibet
409 2016 492 2061 alia
524 2015 667 2061 forma
693 2024 737 2059 et
767 2015 908 2073 figura
930 2025 1061 2071 esset,
1091 2015 1268 2076 qualem
1296 2013 1588 2073 intelligentia

176 2090 437 2134 contineret.
460 2091 610 2147 Longe
646 2086 908 2131 deteriorem
943 2086 1135 2144 invenit,
1167 2095 1210 2131 et
1241 2086 1364 2131 nulla
1393 2102 1443 2130 ex
1463 2094 1587 2146 parte

176 2160 299 2222 quod
318 2160 519 2206 viderent
537 2158 654 2205 oculi
676 2174 779 2204 eum
796 2174 848 2203 eo
870 2157 991 2219 quod
1014 2174 1137 2202 mens
1162 2167 1382 2213 cerneret,
1405 2173 1585 2217 compa-

177 2230 383 2276 randum.
411 2234 517 2276 Haec
540 2246 720 2292 quoque
747 2229 953 2274 distincta
982 2238 1026 2274 et
1060 2228 1268 2290 disposita
1284 2265 1294 2285 ‚
1320 2229 1366 2273 in
1389 2227 1587 2288 discipli-

178 2320 281 2350 nam
295 2303 465 2363 redegit
482 2339 492 2361 ,
511 2301 841 2364 appellavitque
856 2301 1182 2362 geometricam.
1201 2304 1348 2346 Motus
1371 2316 1468 2345 eam
1486 2299 1589 2345 coeli

178 2376 372 2423 multum
393 2376 627 2433 movebat,
645 2385 688 2421 et
705 2375 761 2420 ad
778 2391 822 2420 se
839 2373 1073 2434 diligenter
1086 2373 1458 2419 considerandum
1479 2373 1590 2419 invi-

179 2450 317 2496 tabat.
339 2449 487 2495 Etiam
507 2449 569 2494 ibi
589 2464 668 2510 per
687 2447 1054 2494 constantissimas
1076 2456 1330 2507 temporum
1347 2446 1485 2502 vices,
1511 2460 1589 2505 per

181 2534 398 2570 astrorum
436 2532 553 2569 ratos
595 2521 890 2584 definitosque
922 2536 1096 2576 cursus,
1136 2535 1215 2580 per
1254 2518 1587 2565 intervallorum
