1888 3168
307 202 388 242 358
743 211 774 238 S.
812 210 1042 240 AUGUsme
1074 213 1256 240 EPISCOPI

305 294 391 339 qua
418 293 496 337 per
528 292 650 321 aures
679 276 905 337 voluptate
927 279 1239 322 commoverit?
1260 281 1311 323 D.
1343 281 1522 323 Prorsus
1543 276 1690 337 saepis-

303 351 432 404 sime,
456 349 514 392 ita
535 358 585 392 ut
607 364 833 409 nunquam
865 348 955 392 fere
983 349 1074 393 sine
1102 348 1389 394 delectatione
1412 363 1586 394 versum
1608 364 1687 392 au-

305 422 475 467 dierim.
498 424 558 465 M.
588 421 631 466 Si
654 421 749 481 quis
780 436 883 479 ergo
904 421 949 464 in
969 435 1120 476 versu,
1149 437 1239 481 quo
1264 421 1414 466 audito
1443 419 1685 474 delectaris,

303 508 354 537 eo
376 491 473 537 loco
490 507 579 557 quo
597 492 705 536 ratio
724 491 918 551 ejusdem
935 506 1083 536 versus
1100 507 1190 536 non
1207 491 1418 552 postulat,
1435 490 1505 536 vel
1524 488 1691 550 produ-

302 573 371 609 cat
397 562 609 620 syllabas,
634 561 703 606 vel
739 562 964 621 corripiat,
989 578 1097 606 num
1130 563 1285 607 eodem
1317 562 1449 608 modo
1483 559 1690 606 delectari

300 636 455 695 potes?
477 636 528 677 D.
557 636 650 677 Iino
673 631 824 676 audire
858 633 943 677 hoe
974 633 1066 678 sine
1098 634 1339 679 offensione
1366 650 1458 679 non
1492 647 1686 693 possum.
1729 666 1732 667 ν

301 709 362 751 Μ.
388 703 519 753 Nullo
537 703 668 748 modo
692 704 824 762 igitur
841 703 1031 748 dubium
1053 714 1131 759 est,
1151 706 1261 765 quin
1278 713 1321 749 te
1343 705 1389 749 in
1411 720 1517 749 sono
1539 720 1630 765 q-uo
1647 712 1690 748 te

302 776 510 822 delectari
538 776 666 830 dicis,
693 774 908 820 dimensio
930 775 1135 836 quaedam
1163 791 1448 821 numerorum
1476 774 1687 831 delectet,

301 864 388 909 qua
404 848 659 908 perturbata
677 844 910 891 delectatio
933 846 1005 891 illa
1022 847 1213 893 exhiberi
1230 847 1406 891 auribus
1426 863 1516 892 non
1529 855 1686 906 potest.

302 923 340 965 D
381 918 664 964 Manifestum
685 928 763 962 est.
789 922 850 963 M.
877 918 955 962 Dic
978 918 1085 962 mihi
1103 918 1308 978 deinceps
1325 917 1447 979 quod
1464 918 1519 962 ad
1535 932 1692 962 sonum

301 1005 429 1035 verus
452 989 623 1043 attinet,
644 988 754 1049 quid
775 988 959 1044 intersit,
986 998 1137 1033 utrum
1153 988 1297 1033 dicam
1314 1008 1323 1034 2

331 1074 491 1118 Arma
508 1073 757 1131 virumque
774 1087 915 1128 cano,
947 1072 997 1117 Τ
992 1072 1109 1134 rojoe
1131 1073 1215 1133 qui
1228 1072 1414 1133 primus
1429 1068 1496 1115 ab
1517 1071 1659 1115 ort's1.

302 1159 387 1212 An,
413 1156 498 1215 qui
515 1155 686 1215 primis
704 1153 768 1199 ab
795 1151 931 1200 oris?
952 1158 1005 1200 D.
1026 1156 1135 1200 Mihi
1160 1171 1265 1201 vero
1288 1165 1528 1216 utrumque
1548 1170 1693 1215 quan-

300 1238 397 1274 tum
427 1228 482 1272 ad
510 1227 631 1272 illam
663 1227 981 1273 dimensionem
1013 1229 1224 1288 pertinet,
1249 1226 1367 1273 idem
1389 1235 1528 1272 sonat.
1548 1229 1610 1272 M.
1635 1228 1695 1271 Et

300 1302 386 1346 hoc
409 1315 506 1345 mea
527 1300 885 1360 pronuntiatione
907 1299 1075 1345 factum
1098 1309 1183 1356 est,
1207 1315 1310 1344 cum
1332 1314 1383 1345 eo
1406 1298 1568 1357 scilieet
1585 1297 1694 1343 vitio

302 1370 425 1428 quod
466 1371 788 1415 barbarismum
822 1371 1089 1428 grammatici
1119 1379 1307 1416 vocant:
1342 1385 1444 1415 nam
1482 1369 1690 1430 primus,

302 1442 432 1501 longa
456 1450 519 1486 est
541 1450 584 1486 et
606 1440 750 1486 brevis
773 1440 964 1499 syllaba,
985 1441 1155 1500 primis
1182 1449 1346 1495 autem,
1368 1440 1508 1483 ambae
1524 1438 1694 1500 produ-

302 1513 454 1558 cendae
484 1522 610 1556 sunt:
636 1511 712 1555 sed
739 1526 818 1569 ego
851 1510 1052 1555 ultimam
1075 1526 1225 1554 earum
1257 1510 1474 1570 corripui:
1503 1509 1563 1553 ita
1584 1508 1696 1553 nihil

301 1583 467 1628 fraudis
506 1597 642 1642 passae
675 1591 778 1626 sunt
800 1597 923 1625 aures
945 1590 1048 1625 tuae.
1082 1581 1380 1634 Quamobrem
1415 1579 1528 1624 illud
1563 1579 1694 1623 etiam

301 1665 434 1716 atque
455 1653 586 1698 etiam
608 1653 870 1697 tentandum
894 1662 978 1708 est,
998 1662 1150 1697 utrum
1172 1669 1242 1697 me
1262 1652 1576 1713 pronuntiante
1593 1666 1693 1695 sen-

300 1727 403 1780 tias,
429 1724 551 1785 quod
571 1725 622 1768 fit
643 1724 688 1767 in
711 1723 889 1782 syllabis
909 1723 986 1767 diu
1003 1733 1047 1767 et
1068 1739 1158 1768 non
1180 1724 1279 1778 diu,
1301 1732 1352 1767 ut
1373 1732 1520 1767 nostra
1543 1722 1695 1782 dispu-

301 1797 431 1851 tatio,
457 1810 527 1838 me
555 1795 851 1852 interrogante
880 1810 929 1837 ac
952 1802 995 1837 te
1022 1793 1335 1854 respondente,
1360 1793 1472 1837 sieut
1501 1792 1693 1836 institui-

301 1883 420 1922 mus,
451 1866 585 1925 possit
606 1864 862 1924 procedere.
891 1868 1044 1924 Itaque
1076 1866 1167 1924 jam
1199 1863 1402 1907 eumdem
1438 1878 1612 1907 versum
1647 1863 1694 1906 in

301 1954 390 1999 quo
426 1936 744 1980 barbarismum
777 1935 984 1989 feceram,
1011 1944 1226 1994 repetam,
1254 1944 1297 1978 et
1318 1933 1437 1977 illam
1460 1933 1690 1992 syllabam,

301 2024 432 2070 quam
451 2022 507 2051 ne
524 2016 613 2050 tuae
635 2021 756 2049 aures
775 2005 1106 2049 offenderentur
1128 2004 1340 2065 corripui,
1360 2003 1602 2064 producam
1615 2039 1625 2059 ,
1644 2011 1694 2048 ut

301 2078 570 2141 grammatici
588 2078 772 2138 jubent:
797 2086 843 2120 tu
865 2076 971 2119 mihi
996 2076 1260 2130 renuntiato,
1286 2083 1436 2118 utrum
1454 2073 1527 2118 illa
1543 2089 1692 2118 versus

300 2151 513 2197 dimensio
535 2163 710 2194 sensum
732 2158 860 2192 tuum
878 2148 1030 2191 eadem
1053 2147 1213 2191 afficiat
1228 2146 1475 2205 voluptate:
1496 2146 1556 2190 sie
1574 2145 1692 2189 enim

299 2221 582 2283 pronuntiem
601 2239 610 2266 t

329 2305 490 2350 Arma
523 2304 770 2360 virumque
795 2317 942 2358 cano,
973 2300 1135 2363 Trojoe
1157 2300 1242 2359 qm·
1255 2300 1426 2359 primis
1455 2296 1518 2343 ab
1541 2299 1655 2343 oris.

298 2403 349 2445 D.
375 2401 502 2444 Nune
523 2413 626 2442 vero
648 2412 805 2456 negare
827 2413 918 2442 non
939 2412 1132 2456 possum,
1156 2396 1301 2439 neseio
1323 2410 1410 2455 qua
1433 2393 1526 2438 soni
1543 2392 1687 2438 defor-

298 2471 448 2514 mitate
474 2484 544 2512 me
576 2468 808 2513 offensum.
843 2470 904 2512 M.
934 2470 1033 2513 Non
1066 2466 1247 2525 injuria:
1282 2480 1537 2526 quanquam
1568 2464 1684 2508 enim

352 2587 361 2603 ¹
383 2579 467 2622 Virg.
489 2578 613 2611 AEneid.
635 2589 654 2610 ι.
