1852 3163
235 196 315 233 152
665 207 696 232 s.
736 204 962 234 mersium
998 207 1176 234 nvlseom

231 272 362 323 ‹tii-is,
390 268 491 313 solia
515 270 573 313 sie
610 269 875 326 inciderunt,
907 280 956 316 ut
989 272 1072 316 hoe
1095 271 1217 332 quod
1239 270 1437 316 admirati
1473 287 1620 317 sumus

229 341 443 396 sweniret,
466 356 554 400 quo
580 341 751 385 iamlom
792 357 937 386 rerum
960 342 1134 399 ordine,
1155 358 1203 387 ae
1237 359 1327 387 non
1355 344 1498 403 potius
1520 360 1620 389 casu

230 412 396 456 sactum
420 413 673 471 putabimuz¹
689 415 706 457 Ξ)
729 413 861 465 Quasi
895 428 1020 468 vero,
1062 414 1204 474 inquit
1225 413 1320 469 ille,
1341 414 1466 458 aliter
1489 423 1621 475 atque

228 482 480 529 ecciderunt
504 483 704 528 debuisse
737 493 811 528 aut
844 484 1034 544 potuisse
1063 484 1217 529 eadere
1246 486 1451 546 cuiquam
1484 485 1621 530 videri

227 566 392 617 potest,
419 556 684 600 serenissime
706 556 894 601 intuenti
916 556 1026 601 nihil
1060 572 1185 617 posse
1221 558 1314 602 fieri
1345 559 1436 602 sine
1475 573 1619 603 eausa.

228 627 347 681 Quid
369 628 461 687 jam
488 626 552 671 vis
581 642 817 688 persequar
847 627 953 672 situs
989 627 1196 672 arborum
1220 637 1350 688 atque
1372 643 1619 684 ramorum,

226 699 461 758 ipsumque
486 696 660 758 pondus
683 708 900 759 quantum
922 708 1078 743 natura
1113 698 1228 743 foliis
1258 699 1490 759 imposuit?
1514 698 1623 760 quid

228 769 336 813 aeris
357 768 430 813 vel
450 768 742 814 mobilitatem
760 785 847 829 qua
866 768 1074 825 volitant,
1095 769 1164 814 vel
1180 768 1406 814 mollitiem
1422 785 1509 830 qua
1522 769 1623 814 des·

227 839 424 885 cendunt
439 875 450 896 ‚
475 840 703 901 variosque
716 840 861 901 lapsus
879 857 959 902 pro
976 841 1209 887 affectione
1230 841 1347 897 coeli,
1364 857 1444 901 pro
1467 856 1622 897 onere,

226 928 307 973 pro
326 912 473 970 figuris
495 912 598 968 suis,
624 913 877 973 caeterisque
900 913 1297 958 innumerabilibus
1315 922 1447 973 atque
1469 911 1630 956 obseu-

226 985 415 1029 rioribus
426 985 581 1040 causis,
593 983 702 1045 quid
718 1000 788 1029 me
805 986 962 1030 attinet
976 1001 1171 1046 quaerere
1184 988 1368 1030 PLatent
1383 985 1464 1029 ista
1481 998 1629 1029 sensus

225 1066 414 1112 nostros,
430 1057 602 1116 penitus
624 1056 786 1102 latent:
804 1056 915 1101 illud
937 1067 1083 1102 tamen
1105 1055 1226 1118 quod
1253 1071 1465 1115 aggressae
1483 1070 1631 1115 quaes-

227 1128 336 1173 tioni
358 1127 458 1171 satis
477 1136 562 1182 est,
589 1126 736 1170 neseio
769 1126 992 1186 quomodo
1025 1126 1221 1170 animum
1244 1141 1336 1170 non
1357 1125 1492 1180 latet,
1519 1125 1628 1169 nihil

228 1198 323 1242 fieri
341 1197 433 1241 sine
455 1212 600 1242 eausa.
623 1199 773 1241 Potest
794 1196 912 1241 enim
935 1194 1109 1241 odiosus
1127 1204 1437 1256 percunctator
1448 1210 1630 1255 pergere

230 1284 448 1330 miserere,
468 1283 568 1330 quae
586 1283 713 1312 eausa
731 1277 824 1312 erat
845 1276 895 1311 ut
914 1266 975 1311 ibi
1004 1266 1180 1312 arbores
1200 1267 1498 1327 ponerentur?
1520 1268 1632 1310 Res-

229 1340 437 1401 pondebo
486 1349 657 1384 secutos
688 1353 778 1384 esse
799 1338 999 1382 homines
1028 1338 1138 1383 uber
1157 1347 1298 1383 terrae.
1316 1336 1434 1391 Quid
1451 1337 1485 1381 si
1506 1336 1629 1382 fruc-

231 1421 368 1455 tuosae
397 1409 572 1454 arbores
605 1424 695 1454 non
728 1418 858 1464 sunt,
891 1423 940 1453 ae
976 1417 1140 1452 temere
1178 1418 1292 1451 natae
1319 1409 1452 1451 sunt?
1476 1410 1534 1451 Et
1558 1407 1630 1451 hie

228 1481 506 1542 respondebo
521 1496 599 1526 nos
617 1496 773 1541 parum
793 1479 957 1524 videre.
969 1482 1079 1525 Nam
1097 1478 1370 1523 temerariam
1384 1514 1395 1533 ‚
1412 1492 1512 1538 quae
1534 1476 1629 1522 illas

230 1553 399 1614 genuit,
423 1567 703 1613 nequaquam
725 1566 814 1596 esse
827 1560 1045 1595 naturam.
1065 1549 1181 1604 Quid
1196 1549 1346 1609 plura?
1361 1551 1450 1592 Aut
1463 1546 1629 1608 aliquid

232 1625 324 1669 sine
347 1638 474 1668 causa
498 1622 591 1665 fieri
619 1620 800 1676 docear,
826 1629 901 1665 aut
915 1620 1024 1666 nihil
1041 1620 1133 1665 fieri
1155 1619 1236 1665 nisi
1258 1627 1378 1664 certo
1400 1632 1629 1664 causarum

233 1693 388 1743 ordine
400 1692 578 1740 credite.
816 1685 820 1689 ’

232 1866 1625 1894 wukmmmwwmmwwmmmwwffimmwmmmm

768 2004 987 2054 CAPUT
1034 2005 1094 2054 V.

475 2139 656 2186 Ordine
687 2147 863 2185 cuneta
893 2137 1028 2184 Deus
1060 2134 1383 2183 administrat.

290 2273 392 2316 XII.
428 2273 511 2317 Cur
529 2285 610 2331 ego
629 2270 793 2325 :Lieet,
822 2268 1019 2329 inquam,
1035 2282 1105 2311 me
1127 2265 1326 2312 odiosum
1354 2273 1615 2326 pereuncta-

229 2353 370 2389 torem
392 2357 542 2398 voces,
566 2339 637 2387 vix
660 2340 775 2384 enim
799 2354 976 2399 possum
998 2354 1088 2383 non
1125 2352 1238 2392 esse,
1264 2337 1340 2397 qui
1378 2336 1623 2396 expugnavi

228 2431 284 2460 ne
306 2430 408 2459 cum
430 2417 615 2472 Pyramo
638 2421 681 2456 et
700 2411 874 2469 Thysbe
909 2409 1216 2470 colloquereris
1233 2444 1243 2461 ‚
1263 2423 1439 2468 pergam
1475 2417 1618 2451 tamen

229 2500 425 2547 quaerere
437 2484 514 2529 abs
541 2493 583 2528 te
602 2503 612 2530 2
631 2486 793 2529 Natura
810 2482 889 2527 ista
903 2481 1098 2543 quamvis
1116 2479 1253 2524 videri
1265 2478 1509 2524 ordinatam
1523 2513 1534 2532 ‚
1551 2477 1622 2522 cui

232 2558 375 2607 boun,
403 2564 451 2601 ut
475 2555 531 2600 de
551 2554 716 2600 caeteris
738 2553 868 2598 rebus
896 2550 1290 2597 innumerabilibus
1314 2559 1500 2602 taceam,
1523 2547 1620 2593 istas
