1888 3168
660 161 714 188 DE
746 158 901 189 MUstcA
932 162 1017 189 Lm.
1055 163 1115 190 v1.
1509 147 1589 188 501

191 225 387 270 humana
401 240 585 286 corpora
606 225 809 270 vidissem
824 261 835 282 ,
867 225 993 271 1111110
1015 225 1148 271 modo
1173 241 1222 270 ca
1243 240 1413 286 possem
1428 224 1595 270 visibili

192 297 336 356 specie
365 296 599 356 cogitando
631 297 834 354 figurare.
871 296 999 350 Quod
1040 307 1188 341 autem
1210 312 1264 341 ex
1284 312 1335 342 co
1359 295 1481 358 quod
1503 295 1595 341 vidi

191 368 323 424 facio,
349 368 558 413 memoria
571 367 686 413 facio
703 387 711 413 ε
733 377 776 413 et
793 377 941 413 tamen
955 367 1075 413 aliud
1092 379 1157 414 est
1173 371 1219 413 in
1240 370 1451 414 memoria
1472 369 1597 414 inve-

191 441 286 484 nire
320 439 621 500 phantasiam,
652 438 772 484 aliud
799 439 854 484 de
885 440 1095 485 memoria
1124 438 1265 484 facere
1293 441 1554 500 phantasma
1581 460 1591 486 :

189 527 291 571 quae
309 511 455 556 omnia
472 511 534 555 vis
550 511 706 555 animae
722 520 878 571 potest.
909 510 993 556 Sed
1014 527 1115 556 vera
1134 511 1265 555 etiam
1286 511 1595 570 phantasmata

191 582 355 626 habere
384 598 464 642 pro
494 582 678 641 cognitis
702 597 898 628 summus
919 598 1039 628 error
1072 592 1151 627 est.
1178 584 1442 642 Quanquam
1464 581 1519 625 sit
1546 582 1592 625 in

188 661 377 714 utroque
400 669 556 713 genere
585 653 704 714 quod
732 670 810 699 nos
838 670 929 699 non
956 652 1144 698 absurde
1171 654 1281 698 scire
1304 653 1519 709 dicamus,
1544 651 1592 697 id

186 733 250 769 est
264 760 274 780 ‚
296 724 473 769 sensisse
487 740 565 769 nos
585 724 686 770 talia
702 761 712 781 ‚
736 725 806 770 vel
828 726 1056 785 imaginari
1078 741 1159 771 nos
1176 723 1294 770 talia.
1317 727 1491 769 Patrem
1509 723 1590 768 de·-

185 796 320 858 nique
340 811 410 840 me
429 796 635 841 habuisse
663 805 706 841 et
729 813 859 842 avum
895 813 986 842 non
1015 807 1180 842 temere
1205 811 1382 857 possum
1414 794 1586 841 dicere:

185 867 299 928 ipsos
313 878 460 914 autem
473 884 562 913 esse
575 885 684 930 quos
697 869 867 914 animus
881 885 1002 914 meus
1017 869 1062 913 in
1072 868 1300 930 phantasia
1312 867 1383 913 vel
1394 867 1441 911 in
1452 867 1591 928 phan-

184 949 366 985 tasmate
388 950 536 997 tenet,
574 941 897 986 dementissime
930 940 1129 986 dixerim.
1158 943 1415 1002 Sequuntur
1443 947 1591 983 autem

184 1011 389 1057 nonnulli
410 1013 715 1073 phantasmata
737 1028 814 1057 sua
833 1021 923 1057 tam
940 1012 1207 1073 praecipites,
1224 1021 1276 1056 ut
1292 1010 1415 1056 nulla
1435 1010 1490 1056 sit
1507 1009 1591 1055 alia

181 1083 380 1127 materies
393 1083 593 1128 omnium
605 1081 813 1128 falsarum
827 1083 1103 1144 opinionum,
1119 1098 1254 1145 quam
1266 1083 1431 1127 habere
1446 1082 1589 1142 phan-

182 1155 310 1199 tasias
331 1153 402 1200 vel
433 1155 740 1214 phantasmata
767 1170 848 1215 pro
876 1154 1062 1214 cognitis
1079 1190 1090 1211 ,
1128 1170 1228 1216 quae
1259 1162 1589 1213 cognoscuntur

181 1241 259 1287 per
278 1241 467 1272 sensum.
496 1229 641 1280 Quare
657 1227 723 1272 his
744 1226 1023 1287 potissimum
1044 1226 1314 1280 resistamus,
1340 1239 1423 1269 nec
1446 1224 1504 1269 eis
1527 1224 1588 1268 ita

180 1308 374 1344 mentem
411 1299 792 1345 accommodemus
809 1331 820 1352 ‚
858 1305 910 1340 ut
940 1295 1050 1341 dum
1081 1297 1129 1340 in
1156 1297 1223 1341 his
1253 1305 1319 1341 est
1348 1296 1583 1357 cogitatio,

180 1369 468 1426 intelligentia
492 1383 542 1412 ea
564 1367 683 1412 cerni
697 1367 976 1411 arbitremur.

238 1440 453 1483 XXXIII.
476 1440 568 1484 Cur
600 1447 749 1483 autem
775 1438 809 1482 si
830 1437 1082 1499 hujusmodi
1106 1438 1279 1483 numeri
1300 1439 1378 1500 qui
1400 1438 1515 1483 fiunt
1540 1440 1586 1483 in

180 1510 324 1555 anima
342 1509 473 1554 rebus
489 1509 806 1570 temporalibus
827 1508 996 1566 dedita,
1017 1510 1183 1555 habent
1206 1510 1272 1554 sui
1295 1510 1463 1569 generis
1480 1510 1584 1570 pul-

180 1581 474 1626 chritudinem
491 1617 502 1637 ,
523 1581 723 1642 quamvis
748 1597 844 1626 eam
867 1581 1134 1626 transeundo
1151 1582 1333 1626 actitent
1348 1617 1358 1637 ‚
1391 1582 1585 1626 invideat

179 1652 283 1696 huic
295 1651 616 1713 pulchritudini
628 1651 775 1697 divina
785 1652 1183 1712 providentia,quae
1194 1650 1249 1696 de
1262 1660 1409 1696 nostra
1416 1651 1583 1711 poenali

179 1723 444 1769 mortalitate
458 1723 695 1779 formatur,
714 1739 848 1784 quam
859 1723 1097 1784 justissima
1109 1723 1187 1768 Dei
1200 1722 1297 1783 lege
1310 1722 1551 1768 meruimus
1569 1742 1578 1769 :

179 1795 328 1856 inqua
340 1804 487 1839 tamen
500 1810 579 1839 nos
601 1810 692 1839 non
715 1795 772 1839 ita
785 1794 994 1851 deseruit,
1009 1804 1060 1839 ut
1077 1810 1168 1840 non
1185 1793 1410 1840 valeamus
1430 1810 1580 1840 recur-

178 1882 288 1923 rere,
305 1876 348 1912 et
362 1883 385 1911 a
398 1866 637 1912 carnalium
651 1882 858 1911 sensuum
871 1866 1162 1911 delectatione
1179 1866 1474 1911 misericordia
1487 1868 1523 1928 ej
1530 1881 1580 1912 113

176 1953 358 1982 manum
371 1938 620 1998 porrigente
633 1938 841 1983 revocari.
850 1936 961 1982 Talis
974 1937 1091 1982 enim
1105 1936 1337 1983 delectatio
1346 1938 1578 1984 vehemen-

177 2019 243 2054 ter
256 2010 396 2068 infigit
408 2009 630 2054 memoriae
644 2009 765 2070 quod
780 2009 911 2054 trahit
927 2026 950 2054 a
962 2008 1143 2055 lubricis
1157 2009 1369 2054 sensibus.
1385 2012 1490 2055 Haec
1504 2025 1577 2055 au-

176 2089 267 2125 tem
285 2081 441 2126 animae
454 2080 729 2126 consuetudo
741 2081 857 2126 facta
875 2096 977 2126 cum
997 2096 1142 2138 carne,
1157 2091 1337 2142 propter
1357 2083 1577 2128 carnalem

178 2153 479 2208 affectionem,
514 2152 560 2196 in
601 2153 835 2213 Scripturis
865 2153 1021 2199 divinis
1043 2170 1144 2200 caro
1166 2155 1433 2200 nominatur.
1472 2159 1577 2202 Haec

176 2225 315 2269 menti
331 2223 608 2279 obluctatur,
630 2240 731 2269 cum
746 2226 837 2285 jam
857 2224 943 2269 dici
958 2235 1102 2286 potest
1119 2226 1408 2287 apostolicum
1425 2227 1537 2272 illud
1564 2247 1574 2274 ε

176 2295 344 2341 &lente
361 2296 518 2339 servio
538 2294 637 2357 legi
655 2294 768 2352 Dei,
787 2312 937 2341 carne
951 2307 1115 2342 (cutem,
1136 2296 1233 2359 legi
1241 2299 1470 2357 peceat-51.
1490 2300 1574 2344 Sed

177 2368 221 2411 in
255 2365 461 2426 spiritalia
483 2377 630 2411 mente
669 2383 874 2428 suspensa
897 2377 1028 2429 atquc
1066 2369 1124 2413 ibi
1160 2370 1241 2414 lixa
1278 2379 1321 2414 ct
1342 2380 1570 2426 maneiitc‚

177 2437 306 2482 ctiam
331 2437 461 2497 hujus
484 2437 811 2483 consuetudinis
829 2439 1014 2499 impetus
1030 2439 1268 2500 frangitur,
1296 2451 1337 2486 et
1359 2440 1571 2502 paulatim

224 2529 232 2545 ¹
256 2525 346 2555 Rom.
367 2534 427 2565 vn)
448 2522 502 2555 ’),Γ).
