1852 3163
639 219 693 246 DE
726 219 886 247 ORDINE
917 217 1002 246 Lm.
1038 219 1068 245 1.
1472 204 1556 247 147

223 287 276 330 V.
311 286 422 331 Nam
445 298 547 328 cum
563 283 775 328 stomachi
793 282 919 328 dolor
931 281 1127 327 scholam
1144 295 1214 326 me
1231 280 1428 327 deserere
1454 286 1559 328 coe-

166 356 319 416 gisset,
338 355 415 417 qui
430 356 543 416 jam,
566 364 616 399 ut
635 355 716 400 scis
729 390 741 411 ‚
761 354 893 399 etiam
913 354 1007 398 sine
1029 352 1120 397 ulla
1142 352 1219 397 tali
1236 353 1492 399 necessitate
1513 353 1562 399 in

162 427 488 489 philosophiam
519 425 759 487 confugere
776 425 1012 482 moliebar,
1038 425 1185 470 statim
1220 440 1292 469 me
1311 425 1482 471 contuli
1505 426 1563 471 ad

165 499 314 545 villam
334 497 657 544 familiarissimi
673 499 809 544 nostri
831 497 1096 544 Verecundi.
1123 496 1242 551 Quid
1263 497 1408 543 dicam
1423 513 1474 543 eo
1506 497 1563 543 li-

165 570 324 615 bente?
341 569 464 616 Nosti
486 569 652 630 optime
670 569 883 627 hominis,
904 585 1007 615 cum
1028 569 1074 614 in
1089 584 1239 614 omnes
1251 604 1262 626 ,
1283 578 1381 613 tum
1398 584 1503 614 vero
1519 568 1566 613 in

166 659 245 689 nos
262 642 615 688 benevolentiam
633 643 914 702 singularem.
933 643 1003 688 Ibi
1021 641 1337 687 disserebamus
1353 641 1467 686 inter
1487 656 1568 687 nos

167 729 460 775 quaecumque
493 714 762 761 videbantur
794 714 938 771 utilia,
964 713 1164 759 adhibito
1191 729 1294 758 sane
1329 712 1445 772 stylo
1477 728 1568 774 quo

167 795 326 831 cuncta
348 786 652 847 exciperentur
668 822 680 843 ,
700 785 822 847 quod
844 785 1050 832 videbam
1067 784 1314 831 conducere
1326 783 1572 830 valetudini

167 873 291 902 meae.
317 859 431 903 Cum
445 858 563 902 enim
586 857 802 903 nonnulla
822 857 1036 920 loquendi
1050 873 1154 903 cura
1176 856 1397 902 detinerer
1413 892 1424 913 ‚
1449 854 1573 901 nulla

167 930 282 975 inter
296 928 613 991 disputandum
626 930 847 991 irrepebat
863 929 1153 976 immoderata
1172 928 1414 975 contentio.
1433 925 1575 974 Simul

169 1002 301 1047 etiam
321 1011 372 1046 ut
393 1003 428 1046 si
449 1001 559 1064 quid
578 1011 780 1047 nostrum
800 1002 958 1047 litteris
979 1000 1189 1048 mandare
1213 1000 1471 1062 placuisset,
1491 1014 1575 1044 nec

168 1073 294 1117 aliter
329 1072 505 1118 dicendi
544 1074 776 1119 necessitas
789 1109 800 1130 ‚
835 1089 917 1118 nec
950 1072 1078 1118 labor
1098 1071 1413 1118 recordationis
1445 1080 1571 1116 esset.

169 1144 374 1204 Agebant
406 1154 554 1189 autem
585 1145 666 1190 ista
695 1161 870 1190 mecum
898 1144 1086 1205 Alypius
1118 1153 1163 1189 et
1191 1144 1400 1203 Navigius
1442 1141 1577 1188 frater

170 1232 294 1262 meus
308 1253 319 1274 ,
344 1227 389 1262 et
409 1217 632 1263 Licentius
647 1226 827 1278 repente
845 1209 1163 1262 admirabiliter
1176 1216 1362 1278 poeticae
1380 1215 1572 1261 deditus.

173 1288 429 1347 Trygetium
463 1289 570 1334 item
603 1289 731 1334 nobis
770 1288 927 1333 militia
957 1287 1232 1344 reddiderat,
1255 1288 1333 1349 qui
1366 1297 1579 1348 tanquam

171 1369 404 1405 veteranus
426 1359 648 1408 adamavit
676 1360 922 1408 historiam,
948 1361 1006 1407 Et
1018 1360 1112 1419 jam
1143 1359 1191 1406 in
1221 1357 1347 1405 libris
1374 1357 1581 1407 nonnihil

171 1432 460 1480 habebamus.

174 1593 1573 1620 WWWWUWUWMWQWWUWVWWWWWRWWWM

700 1718 921 1771 CAPUT
961 1721 1055 1770 ΠΙ.

733 1859 974 1893 DISPUTATIO
997 1860 1025 1891 1.

571 1975 780 2022 Occasio
831 1973 1188 2037 disputationis.

240 2096 315 2139 VI.
355 2095 440 2139 SED
458 2103 590 2139 nocte
615 2096 807 2156 quadam
829 2112 931 2142 cum
954 2096 1226 2157 evigilassem
1240 2094 1295 2141 de
1316 2110 1463 2153 more,
1488 2111 1584 2141 me-

178 2181 369 2228 cumque
386 2166 478 2226 ipse
501 2165 658 2210 tacitus
682 2166 894 2226 agitarem
908 2183 1008 2228 quae
1026 2168 1072 2212 in
1089 2177 1283 2213 mentem
1300 2168 1446 2214 nescio
1463 2168 1585 2214 unde

178 2238 430 2284 veniebant.
448 2241 560 2285 Nam
574 2238 621 2282 id
642 2239 751 2283 mihi
771 2254 918 2284 amore
931 2239 1186 2286 inveniendi
1201 2240 1292 2286 veri
1308 2242 1400 2303 jam
1416 2241 1463 2286 in
1476 2257 1585 2287 con-

181 2311 462 2356 suetudinem
490 2319 704 2368 verterat,
732 2311 793 2356 ita
827 2321 879 2356 ut
913 2321 989 2357 aut
1023 2312 1232 2372 primam,
1258 2313 1292 2358 si
1326 2313 1433 2359 tales
1470 2330 1587 2359 curse

181 2383 377 2438 inerant,
399 2391 475 2427 aut
498 2392 616 2428 certe
646 2383 848 2427 ultimam
865 2419 875 2439 ,
901 2382 1129 2429 dimidiam
1165 2394 1312 2430 tamen
1334 2385 1426 2430 fere
1448 2386 1590 2432 noctis

182 2462 355 2515 partem
377 2453 560 2514 pervigil
578 2450 892 2515 quodcumque
914 2454 1177 2514 cogitarem:
1203 2473 1284 2503 nec
1299 2473 1370 2503 me
1391 2458 1590 2519 patiebar

184 2525 530 2571 adolescentium
551 2524 935 2571 lucubrationibus
950 2542 972 2570 a
991 2542 1061 2572 me
1079 2528 1173 2589 ipso
1198 2529 1369 2574 avocari
1387 2551 1397 2589 3
1422 2530 1525 2591 quia
1547 2539 1591 2575 et

185 2596 249 2642 illi
268 2611 348 2657 per
370 2605 516 2642 totum
541 2595 659 2641 diem
686 2605 855 2643 tantum
874 2597 1086 2657 agebant,
1107 2608 1157 2645 ut
1182 2594 1367 2646 nimium
1396 2601 1504 2648 mihi
1525 2602 1592 2647 vi-

1363 2675 1427 2715 10.
