1888 3168
684 206 739 233 DE
771 200 925 232 musici
961 204 1042 229 Lm.
1077 204 1105 228 1.
1415 241 1419 244 ι
1502 189 1585 228 329

194 271 262 317 uis
284 272 421 331 magis
438 271 590 316 tritum
608 272 677 327 sit,
705 288 784 317 nee
804 269 1052 315 immerito?
1072 270 1183 313 Nam
1201 267 1330 312 credo
1350 266 1488 312 videri
1506 267 1589 312 tibi

197 343 318 389 aliud
339 359 428 388 esse
454 351 678 388 tornatum
708 341 876 404 aliquid
894 340 1091 400 ligneum
1119 337 1189 383 vel
1218 347 1495 396 argenteum,
1521 337 1591 382 vel

197 416 374 475 cujusce
415 413 628 468 materiae,
665 412 785 458 aliud
818 421 967 457 autem
1005 410 1152 470 ipsum
1184 417 1355 453 motum
1392 408 1588 464 artificis,

196 502 299 531 cum
354 485 428 530 illa
477 493 724 530 tornantur.
776 487 829 529 D.
880 481 1103 528 Assentior
1154 478 1346 524 multum
1397 478 1588 523 differre.

196 560 258 602 M.
283 556 612 617 Numquidnam
633 570 737 615 ergo
760 555 851 616 ipse
866 563 1012 599 motus
1029 561 1209 614 propter
1223 566 1266 596 se
1281 550 1524 611 appetitur,
1551 560 1595 594 et

197 643 286 672 11011
315 636 496 687 propter
517 625 563 671 id
580 625 704 688 quod
723 626 820 671 vult
843 641 932 671 esse
954 624 1210 670 tornatum?
1232 626 1285 667 D.
1311 620 1595 667 Manifestum

197 708 275 744 est.
297 702 358 743 M.
385 697 525 754 Quid,
546 698 579 742 si
608 697 805 742 membra
833 714 924 742 non
958 696 1015 742 ob
1046 694 1168 740 aliud
1190 703 1409 749 moveret,
1435 694 1515 738 nisi
1547 702 1597 738 ut

197 769 382 831 pulchre
399 786 448 815 ae
471 770 628 815 decore
650 778 954 825 moverentur,
981 784 1083 813 eum
1105 766 1248 812 faeere
1272 765 1393 810 aliud
1410 765 1491 809 nisi
1512 763 1597 808 sal-

197 851 290 887 tare
312 841 587 887 diceremus?
608 848 655 886 D.
683 844 750 886 Ita
778 840 968 887 videtur.
1004 843 1065 886 M.
1105 838 1293 894 Quando
1321 853 1425 898 ergo
1452 852 1599 882 censes

197 914 390 976 aliquam
412 930 504 959 rem
536 923 744 974 praestare
761 923 805 959 et
825 913 949 975 quasi
974 912 1206 967 dominari,
1232 926 1334 955 eum
1357 919 1536 970 propter
1554 924 1598 953 se

197 986 358 1047 ipsam,
394 1000 451 1031 an
483 1001 585 1031 eum
618 995 798 1047 propter
826 984 946 1031 aliud
977 985 1230 1045 appetitur?
1251 987 1303 1028 D.
1332 982 1439 1036 Quis
1468 991 1600 1041 negat

196 1073 299 1104 cum
319 1067 499 1118 propter
526 1073 571 1102 se
598 1058 766 1118 ipsam?
799 1061 861 1103 M.
898 1060 1065 1118 Repete
1098 1072 1219 1100 nunc
1255 1053 1369 1099 illud
1403 1053 1601 1114 superius

196 1128 319 1191 quod
340 1128 395 1173 de
417 1128 721 1174 modulatione
746 1128 960 1174 diximus:
979 1145 1081 1173 nam
1100 1128 1159 1173 ita
1178 1143 1274 1173 eam
1296 1142 1597 1187 posueramus,

195 1201 320 1262 quasi
341 1200 579 1262 quamdam
600 1199 810 1246 movendi
832 1216 923 1245 esse
942 1200 1161 1260 peritiam,
1179 1208 1223 1243 et
1241 1197 1342 1243 vide
1364 1197 1443 1241 ubi
1464 1197 1602 1256 magis

197 1274 360 1319 habere
382 1273 530 1319 sedem
554 1274 714 1319 debeat
744 1275 829 1320 1100
860 1290 1042 1329 nomen,
1068 1274 1114 1317 in
1145 1288 1197 1317 eo
1231 1282 1358 1317 motu
1380 1272 1457 1332 qui
1478 1270 1603 1316 velut

196 1344 310 1389 liber
331 1355 418 1401 est,
444 1344 489 1390 id
511 1355 597 1400 est,
622 1355 803 1404 propter
825 1360 869 1388 se
892 1345 983 1403 ipse
1007 1344 1252 1403 appetitur,
1280 1353 1323 1388 et
1344 1358 1422 1404 per
1446 1358 1489 1386 se
1511 1342 1602 1402 ipse

198 1415 417 1472 delectat3
453 1430 508 1458 an
528 1415 575 1458 in
607 1430 659 1459 eo
682 1414 760 1475 qui
789 1415 920 1460 servit
942 1413 1137 1475 quodam
1170 1415 1328 1460 modo:
1355 1430 1457 1458 nain
1477 1412 1603 1474 quasi

197 1487 395 1532 serviunt
426 1486 574 1531 omnia
606 1502 707 1547 quae
737 1502 828 1531 non
860 1486 942 1530 sibi
966 1495 1083 1542 sunt,
1110 1486 1184 1531 sed
1208 1487 1264 1530 ad
1288 1485 1453 1546 aliquid
1481 1483 1603 1529 aliud

197 1557 466 1603 referuntur.
498 1561 550 1602 D.
590 1560 643 1602 In
680 1574 732 1603 eo
767 1557 931 1603 scilieet
959 1559 1035 1619 qui
1070 1568 1250 1618 propter
1284 1574 1328 1602 se
1361 1558 1597 1618 appetitur.

198 1633 260 1676 M.
282 1633 398 1688 Ergo
418 1630 618 1674 sientiam
636 1629 895 1674 modulandi
906 1631 997 1690 jam
1019 1629 1251 1689 probabile
1270 1639 1332 1674 est
1354 1645 1442 1674 esse
1458 1630 1601 1673 seien-

195 1702 302 1746 tiam
326 1701 440 1745 bene
463 1700 697 1756 movendi,
730 1700 790 1745 ita
813 1710 864 1745 ut
885 1710 1030 1745 motus
1052 1717 1129 1761 per
1161 1716 1205 1745 se
1229 1701 1320 1760 ipse
1343 1710 1600 1760 appetatur,

197 1782 328 1833 atque
354 1771 411 1818 ob
430 1772 515 1817 1100
536 1787 616 1833 per
636 1787 680 1817 se
697 1772 788 1832 ipse
807 1771 1012 1817 delectet.
1041 1775 1093 1816 D.
1122 1771 1358 1816 Probabile
1382 1788 1499 1816 sane.

195 1930 1270 1948 ΜΨἋΜΜΜΜΜιἋΜ-ΜΜΜΜΛΑΜΜῚΝἉΜὶ
1275 1931 1598 1948 WRNMWQMMVRMW

737 2064 957 2114 CAPUT
998 2067 1092 2113 HI.

199 2210 337 2257 Bene
368 2208 613 2257 modulari
633 2207 753 2270 quid
771 2212 832 2255 sit
850 2219 896 2255 et
919 2227 1006 2256 eur
1028 2212 1077 2256 ιή
1103 2211 1298 2257 musica)
1323 2210 1602 2274 definitione

774 2291 1000 2342 positum.

262 2426 337 2468 ΠΤ.
374 2425 434 2468 Μ.
473 2425 568 2468 Cim
604 2438 705 2481 ergo
743 2422 943 2480 additum
976 2431 1054 2478 est,
1091 2422 1232 2481 bene3
1257 2437 1359 2466 eum
1385 2423 1476 2482 jam
1509 2422 1601 2482 ipsa

201 2494 444 2540 modulatio
468 2494 546 2538 nisi
573 2493 685 2538 bene
706 2494 923 2550 videatur,
946 2509 1035 2538 esse
1058 2510 1146 2538 non
1170 2493 1332 2554 possit?
1351 2496 1402 2538 D.
1424 2494 1595 2548 Nescio,

201 2576 245 2611 et
267 2565 644 2628 quemadmodum
680 2566 789 2614 mihi
829 2575 1029 2626 ereptum
1065 2565 1119 2610 sit
1156 2566 1336 2625 ignoro:
1377 2581 1476 2611 nam
1515 2565 1600 2609 1100
