1888 3168
706 172 761 200 nn
792 170 947 200 MUSICA
979 172 1063 199 un.
1095 170 1144 198 11.
1536 158 1622 199 359

230 241 526 287 barbarismus
545 237 688 284 factus
709 253 801 283 non
819 237 890 292 sit,
920 235 967 280 id
987 244 1138 280 tamen
1159 234 1318 280 vitium
1338 234 1506 280 lactum
1533 245 1622 294 est,

229 312 353 374 quod
369 322 414 358 et
429 310 711 372 grammatica
732 306 1025 371 reprehendat
1044 315 1088 352 et
1108 307 1297 352 musica:
1324 308 1624 366 grammatica,

229 385 334 447 quia
355 385 402 430 id
418 384 619 437 verbum,
644 383 768 443 cujus
791 380 1022 426 novissima
1043 377 1212 437 syllaba
1233 377 1520 438 producenda
1541 389 1622 437 est,

231 473 284 502 eo
304 456 403 502 loco
420 455 613 516 positum
641 463 705 499 est
729 453 807 498 ubi
824 448 1098 512 corripienda
1119 450 1225 510 poni
1246 447 1431 496 debuit:
1459 452 1626 498 musica

230 544 334 575 vero
350 525 677 581 tantummodo,
691 526 794 587 quia
810 524 1025 586 producta
1042 520 1255 584 quaelibet
1269 536 1354 566 vox
1367 530 1433 566 est
1443 536 1495 567 eo
1508 521 1625 581 loco,

231 615 321 662 quo
343 597 503 658 corripi
525 597 780 658 oportebat,
806 606 852 641 et
882 605 1053 655 tempus
1086 592 1289 638 debitum
1316 591 1439 654 quod
1469 608 1629 639 nume-

230 686 330 715 rosa
351 668 570 714 dimensio
588 667 865 729 postulabat,
889 665 1111 712 redditum
1142 680 1234 710 non
1255 673 1334 709 est.
1360 664 1575 718 Quocirca
1596 666 1633 711 si

224 743 318 804 jam
344 740 446 786 satis
479 740 688 786 discernis
722 739 832 801 quid
862 754 1038 795 sensus,
1069 735 1180 799 quid
1206 735 1442 781 auctoritas
1471 747 1630 798 postu-

230 813 314 869 let,
339 813 541 874 sequitur
572 822 624 857 ut
644 811 895 867 videamUS,
919 810 994 855 ille
1023 811 1116 871 ipse
1137 823 1288 854 sensus
1318 823 1397 852 cur
1419 807 1524 854 alias
1552 807 1632 854 de-

230 884 419 929 lectetur
450 883 499 929 in
518 883 634 929 sonis
663 882 735 928 vel
758 882 985 944 productis
1001 880 1072 927 vel
1094 880 1305 941 correptis
1319 914 1331 936 ‚
1357 879 1462 925 alias
1483 880 1631 926 offen-

231 955 387 1001 datur:
412 954 458 1001 id
485 964 550 1000 est
582 954 703 999 enim
732 954 855 1017 quod
888 953 946 1000 ad
978 953 1078 1010 diu,
1110 962 1157 998 et
1185 969 1278 998 non
1305 951 1385 997 diu
1411 952 1628 1013 pertinet:

230 1043 367 1091 quam
405 1036 576 1089 partem
609 1043 691 1073 nos
724 1026 1029 1088 explicandam
1074 1026 1311 1087 suscepisse
1342 1023 1475 1072 credo
1509 1024 1633 1087 quod

230 1100 498 1146 memineris.
523 1102 576 1145 D.
594 1102 691 1161 Ego
712 1114 821 1145 vero
843 1108 889 1144 et
901 1097 1016 1144 illud
1036 1097 1244 1154 discrevi,
1261 1106 1306 1143 et
1326 1097 1412 1144 hoc
1431 1097 1628 1154 memini,

230 1181 276 1218 et
290 1186 340 1219 ea
362 1187 464 1234 quae
483 1181 734 1234 sequuntur
751 1170 1042 1217 intentissime
1061 1179 1261 1231 expecto.

230 1341 302 1360 ΜΜ
1161 1337 1631 1359 wwvwwwwnmmmwum

590 1342 803 1361 mmm

735 1463 958 1515 CAPUT
1004 1467 1101 1513 III.

636 1596 956 1658 Syllabarum
984 1607 1219 1659 tempora.

291 1736 373 1779 ΙΙΙ.
403 1736 464 1778 Μ.
490 1735 597 1787 QUAE
628 1743 755 1794 putas
777 1734 860 1779 nisi
882 1743 933 1778 ut
962 1734 1220 1795 incipiamus
1244 1734 1419 1780 sibimet
1440 1731 1632 1793 syllabas

229 1821 498 1866 comparare,
519 1815 562 1850 et
578 1805 725 1850 videre
743 1821 853 1866 quos
870 1821 1078 1851 numeros
1100 1804 1156 1850 ad
1178 1821 1268 1850 sese
1283 1806 1494 1863 habeant,
1517 1807 1631 1852 sicut

229 1878 285 1924 de
307 1878 501 1923 motibus
517 1879 609 1939 jam
631 1878 745 1922 inter
766 1894 845 1923 nos
863 1887 953 1923 tam
970 1878 1103 1938 longa
1117 1878 1317 1939 superius
1334 1878 1503 1924 ratione
1520 1888 1632 1925 trac-

229 1960 372 1997 tatum
393 1952 483 1995 est?
506 1953 560 1995 In
581 1958 707 1995 motu
729 1959 794 1995 est
815 1951 932 1995 enim
955 1950 1088 1995 etiam
1110 1966 1240 1995 omne
1269 1949 1392 2013 quod
1411 1961 1564 2012 sonat3
1589 1962 1634 1998 et

228 2021 412 2081 syllabae
433 2022 588 2082 utique
607 2031 790 2066 sonant:
817 2038 873 2066 an
895 2022 1141 2084 quidquam
1174 2023 1336 2068 horum
1371 2024 1522 2084 negari
1549 2040 1634 2086 po-

230 2095 343 2139 test?
363 2096 415 2138 D.
435 2091 569 2139 Nullo
585 2092 734 2137 modo.
752 2095 814 2138 M.
831 2095 946 2139 Cum
968 2109 1070 2154 ergo
1086 2094 1269 2153 syHabae
1286 2095 1401 2140 inter
1422 2112 1467 2141 se
1486 2096 1635 2142 confe-

230 2173 411 2220 runtur,
434 2174 582 2209 motus
612 2163 792 2225 quidam
826 2164 940 2209 inter
972 2181 1017 2210 se
1050 2164 1358 2223 conferuntur,
1386 2167 1433 2212 in
1469 2168 1632 2229 quibus

229 2237 399 2298 possint
434 2236 607 2281 numeri
641 2235 822 2297 quidam
850 2237 1059 2298 temporis
1090 2253 1295 2284 mensura
1327 2238 1630 2286 diuturnitatis

230 2307 408 2369 inquiri.
435 2310 487 2352 D.
510 2310 577 2352 Ita
599 2317 678 2352 est.
704 2310 765 2352 M.
792 2310 910 2353 Num
930 2308 1064 2367 igitur
1085 2319 1228 2370 potest
1250 2310 1332 2355 sibi
1350 2326 1441 2356 una
1463 2311 1634 2371 syllaba

231 2379 504 2439 comparari?
531 2381 643 2425 Nam
676 2394 853 2423 omnem
886 2381 1280 2440 comparationem,
1307 2382 1389 2427 nisi
1423 2392 1474 2428 tu
1510 2383 1634 2430 aliud

231 2460 380 2511 putes,
407 2448 682 2509 singularitas
714 2449 853 2510 fugit:
878 2453 930 2495 D.
965 2451 1085 2496 Nihil
1117 2462 1227 2513 puto
1252 2452 1388 2498 aliud.
1427 2457 1489 2500 M.
1516 2454 1634 2508 Quid

233 2538 321 2567 una
343 2521 443 2575 uni‚
469 2529 544 2566 aut
566 2538 653 2565 una
674 2521 745 2565 vel
768 2521 868 2566 duae
885 2522 1057 2568 duabus
1079 2523 1149 2568 vel
1178 2522 1334 2580 stibus,
1360 2534 1404 2570 et
1424 2524 1630 2586 deinceps
