1888 3168
776 185 926 212 INDEX.
1446 176 1449 180 ”
1471 177 1556 217 579

161 250 236 282 ΟΜ».
252 260 310 282 vu.
337 249 528 292 Augustinus
546 249 651 293 Alypii
673 250 802 284 hortatu
828 251 930 285 habet
946 252 1098 296 deinceps
1131 254 1309 288 orationem
1333 260 1447 290 contra

359 306 579 339 Academicos.
1512 316 1556 346 78

243 373 311 394 vni.
336 361 548 404 Redarguitur
565 362 653 395 locus
675 373 693 394 e
709 362 865 395 Cicerone
880 362 1004 396 allatus.
1513 370 1552 401 81

264 429 310 450 1x.
335 417 468 450 Zenonis
480 417 622 450 definitio
638 418 819 452 discutitur.
1513 425 1557 457 89.

277 485 309 506 x.
334 476 403 507 Duo
422 474 688 508 Academicorum
706 475 818 508 effata.
843 492 886 499 —-
913 477 1031 509 Contra
1055 474 1131 510 illud
1151 488 1157 509 :
1191 476 1292 511 Nihil
1315 479 1450 523 percipi

355 541 470 575 posse.
1514 537 1557 569 85

266 599 311 620 xi.
336 590 382 621 Ex
398 598 545 620 sensuum
561 587 783 621 imbecillitate
798 599 862 621 non
882 588 967 623 effici
982 593 1019 622 ut
1035 588 1111 622 nihil
1128 589 1198 623 veri
1221 589 1423 634 percipiatur
1436 602 1447 634 5

362 655 468 687 neque
486 655 526 677 ex
542 655 651 677 somno
670 649 704 677 et
721 644 841 678 furore.
1514 652 1558 683 88

259 711 313 732 xn.
338 702 436 743 Urget
448 700 657 734 Academicos
669 711 802 735 causare
819 701 937 734 frustra
953 712 1102 736 sensuum
1120 702 1172 735 vel
1185 702 1286 736 somni
1304 708 1337 737 et
1354 703 1443 737 furo-

365 756 406 788 ris
418 758 640 800 deceptiones.
1517 764 1557 794 91

248 823 317 845 xm.
341 813 440 846 Multa
457 814 581 857 percipi
596 814 629 846 in
641 814 824 848 dialectica.
1517 819 1561 851 92

247 879 311 901 xlv.
338 870 523 913 Sapientem
540 875 672 913 oportet
684 870 846 914 sapientiae
864 871 978 904 saltem
995 871 1156 904 assentiri.
1519 876 1564 907 94

264 935 316 958 xv.
343 928 392 959 An
403 926 458 969 qui
474 926 617 969 sequitur
632 927 664 959 in
674 927 795 970 agendo
806 927 973 971 probabile
991 927 1071 961 citra
1088 937 1248 961 assensum
1264 953 1273 971 ‚
1293 928 1376 962 vitet
1386 941 1440 963 er-

367 995 486 1016 rorem.
1521 988 1563 1020 97

249 1049 315 1072 xvi.
341 1040 459 1074 Facere
479 1040 565 1084 quod
579 1039 709 1074 videtur
720 1040 893 1084 'probabile
906 1040 1005 1075 etiam
1021 1040 1104 1076 citra
1121 1052 1283 1076 assensum
1297 1041 1454 1078 nefarium

369 1102 428 1130 est.
1522 1103 1566 1135 99

241 1163 320 1185 xvu.
347 1154 533 1188 Academici
550 1166 650 1198 quare
667 1156 892 1189 dissimularint
912 1167 1001 1190 suam
1017 1159 1224 1192 sententiam.
1502 1160 1565 1192 101

224 1222 315 1244 xvin.
344 1212 508 1251 Quomodo
529 1211 697 1255 probabile
712 1212 881 1260 inductum
896 1214 937 1247 ab
959 1214 1169 1249 Academicis,
1502 1217 1570 1248 104

259 1279 323 1301 xix.
348 1268 515 1311 Multiplex
530 1268 734 1313 philosophias
751 1280 859 1313 genus.
1503 1273 1568 1305 106

271 1336 322 1359 xx.
348 1325 520 1361 Conclusio
537 1326 654 1370 operis.
1505 1330 1571 1363 107

581 1445 664 1492 DE
711 1443 932 1492 BEATA
979 1444 1153 1493 VITA.

681 1548 857 1591 LIBER
892 1547 1055 1592 UNUS.

172 1654 390 1692 Triduanus
408 1653 470 1690 hic
489 1653 590 1691 liber
607 1654 878 1700 complectitur
898 1653 1177 1701 disputationes
1194 1653 1398 1692 Theodoro
1416 1667 1567 1695 nuncu-

220 1718 326 1762 patas
341 1741 350 1756 ,
371 1714 575 1762 quibus-eo
593 1715 754 1750 demum
772 1725 836 1752 res
863 1714 945 1752 abit
969 1717 1011 1751 ut
1035 1717 1188 1752 beatam
1207 1715 1326 1755 vitam
1348 1718 1503 1755 nonnisi
1526 1718 1567 1755 in

220 1775 394 1823 perfecta
412 1775 484 1811 Dei
504 1773 719 1821 cognitione
739 1774 953 1811 consistere
976 1774 1199 1812 definiatur.

174 1875 349 1908 PnAErArio.
375 1874 470 1906 Dicat
491 1873 608 1905 librum
634 1872 823 1914 Theodoro,
843 1872 937 1915 eique
962 1874 1067 1916 aperit
1086 1874 1200 1917 quibus
1222 1874 1324 1907 veluti
1353 1875 1460 1908 ventis

374 1931 416 1963 ad
432 1929 612 1962 christianae
636 1928 841 1972 philosophiae
863 1934 993 1972 portum
1015 1929 1168 1974 impulsus
1184 1930 1236 1963 sit.
1262 1948 1306 1954 —-
1324 1931 1461 1965 Occasio

376 1985 611 2030 disputationis.
1511 1991 1575 2023 109

175 2048 367 2079 DISPuTA'rlo
392 2055 498 2077 Pamin
522 2054 595 2075 mm.
624 2045 671 2075 Ex
688 2042 792 2076 anima
820 2047 853 2076 et
885 2053 1021 2087 corpore
1047 2048 1240 2078 constamus.
1274 2044 1370 2078 Cibus
1387 2055 1464 2078 cor-

377 2100 448 2144 pori
464 2099 672 2133 necessarius.
1513 2106 1577 2136 115

356 2158 476 2191 Animae
489 2168 616 2201 quoque
632 2166 704 2189 suus
722 2160 771 2189 est
783 2155 886 2189 cibus.
1511 2161 1576 2193 116

356 2217 403 2247 De
417 2214 531 2247 eodem
548 2216 749 2256 argumento.
1513 2217 1577 2247 117

358 2273 474 2304 Beatus
490 2282 555 2303 non
580 2275 629 2302 est
650 2269 705 2312 qui
720 2268 808 2311 quod
823 2268 896 2301 vult
923 2278 988 2301 non
1004 2266 1115 2300 habet.
1138 2268 1207 2301 Nec
1228 2271 1336 2302 tamen
1362 2269 1463 2303 omnis

379 2328 434 2371 qui
449 2326 534 2371 quod
550 2326 621 2358 vult
638 2325 739 2358 habet
750 2349 759 2367 ,
779 2324 894 2357 beatus
909 2328 970 2357 est.
1512 2329 1577 2361 118

360 2384 442 2423 Quid
461 2383 523 2416 sibi
534 2383 631 2415 homo
652 2392 837 2425 comparare
851 2379 951 2414 debet
967 2383 1005 2413 ut
1020 2379 1061 2413 sit
1077 2380 1205 2414 beatuS.
1516 2385 1581 2416 119

360 2440 435 2481 Quis
457 2442 559 2472 Deum
578 2437 711 2471 habeat.
843 2451 847 2455 ·
1514 2441 1580 2473 120

362 2497 482 2530 Eadem
499 2494 713 2538 prosequitur.
1516 2497 1577 2528 121

365 2551 575 2587 Academicus
588 2550 702 2583 beatus
720 2559 788 2582 esse
805 2560 868 2582 non
883 2552 991 2591 potest
1004 2573 1012 2590 ‚
1033 2559 1108 2590 crgo
1126 2560 1186 2582 nec
1198 2551 1332 2593 sapiens.
1489 2550 1579 2585 Ibae'cl.

1303 2604 1368 2644 37.
