1888 3168
796 146 944 174 mnssx.
1490 145 1572 183 535

205 208 280 238 (3Λν.
298 218 328 238 n.
355 207 473 240 Musica
493 208 568 250 quid
584 209 637 241 sit.
660 227 701 233 -—-
718 212 873 245 Modulari
886 215 963 258 quid
982 215 1034 247 sit.
1511 226 1574 256 327

283 273 329 294 ιιι.
356 264 442 295 Bene
461 264 616 297 modulari
628 265 704 308 quid
727 266 768 299 sit
782 272 816 299 et
829 279 887 300 cur
903 269 935 301 in
954 271 1080 304 musica:
1105 273 1291 309 delinitione
1310 278 1459 320 positum.
1510 282 1574 312 325)

286 329 328 351 iv.
355 318 496 352 Scientia
515 331 573 352 cur
589 320 622 352 in
640 322 768 355 musicae
787 324 973 358 definitione
991 328 1130 369 ponitur.
1512 339 1572 368 331

295 386 324 406 v.
351 376 466 408 Sensus
478 376 615 409 musices
632 388 672 409 an
689 377 801 412 inesta
818 384 946 414 natura.
1512 394 1576 425 336

290 443 331 463 vr.
359 433 510 464 Cantor-es
533 432 708 467 theatricos
727 436 852 469 nescire
869 438 1035 472 musicam.
1511 450 1576 481 3:38

281 498 333 520 vn.
356 488 417 522 Diu
434 492 468 521 et
483 500 547 521 non
562 489 617 521 diu
633 489 666 522 in
687 496 788 525 motu.
1512 506 1578 537 340

260 555 329 576 vm.
357 544 525 588 Propertio
540 545 571 578 in
589 551 680 580 motu
693 548 843 582 diuturno
856 554 889 583 et
905 562 967 584 non
984 552 1150 588 diuturno.
1513 563 1574 594 341

287 611 333 633 xx.
359 602 461 634 Motus
478 602 684 636 rationabiles
702 609 736 637 et
753 605 1004 651 irrationabiles,
1023 611 1243 644 connumerati
1262 617 1294 645 et
1319 612 1465 648 dinume-

376 657 450 690 rati.
1512 674 1578 706 342

300 724 330 746 x.
357 715 461 746 Motus
474 716 659 759 complicati
674 721 707 750 et
726 718 879 762 sesquati.
1512 731 1578 762 344

288 781 331 802 xr.
358 772 461 804 Motus
476 776 509 805 et
527 784 678 806 numerus
695 774 728 807 in
745 773 903 807 inlinitum
923 777 1131 820 progrediens
1149 783 1184 812 ut
1201 779 1241 814 ad
1258 785 1382 815 certam
1400 782 1465 816 for-

377 839 462 860 mam
473 830 656 863 coercetur.
711 831 714 835 ’
1514 843 1578 874 345

275 895 329 916 xn.
357 886 419 917 Cur
436 885 478 917 ab
493 897 555 918 uno
573 887 613 919 ad
627 887 742 920 decem
759 899 940 932 progressus
952 914 961 932 ‚
982 895 1016 923 et
1032 891 1106 924 inde
1131 892 1171 925 ad
1190 905 1287 927 unum
1301 895 1421 929 reditus
1434 896 1466 929 in

379 943 576 976 numerando
589 944 655 976 fiai.
1514 956 1577 986 347

262 1009 332 1032 xm.
355 1001 401 1033 De
418 1001 735 1044 proportionatoruin
753 1007 898 1038 motuum
910 1004 1047 1049 decore,
1065 1010 1222 1050 quatenus
1235 1009 1377 1043 sensibus
1384 1010 1468 1053 judi-

379 1062 482 1091 catur.
1515 1070 1578 1101 353

341 1230 385 1266 ln
403 1242 478 1277 quo
497 1232 544 1268 de
563 1233 723 1280 syllabis
743 1238 783 1271 et
800 1235 963 1282 pedibus
985 1237 1157 1273 metricis
1172 1238 1404 1285 disputatur.

209 1305 285 1336 Car.
311 1315 332 1336 1.
359 1304 557 1347 Syllabarum
575 1307 678 1349 spatia
702 1307 830 1341 aliunde
848 1310 1092 1352 grammaticus,
1114 1310 1241 1344 aliunde
1258 1313 1396 1346 musicus
1413 1317 1466 1347 at·-

379 1362 493 1394 tendit.
1515 1370 1580 1405 356

298 1429 330 1450 ιι.
357 1420 404 1451 De
419 1430 513 1452 versu
526 1420 654 1462 judicat
666 1422 892 1464 grammaticus
915 1434 953 1455 ex
972 1423 1170 1459 auctoritate
1181 1450 1190 1467 ‚
1211 1426 1348 1459 musicus
1367 1437 1405 1459 ex
1423 1438 1469 1459 ra-

379 1475 465 1509 tione
480 1481 514 1509 et
529 1487 635 1509 sensu.
1515 1486 1579 1515 357

294 1543 339 1564 ni.
366 1531 565 1575 Syllabarum
581 1536 740 1576 tempora.
1516 1541 1580 1572 359

282 1599 327 1621 lv.
354 1589 454 1623 Pedes
470 1589 641 1633 dissyllabi.
1513 1598 1580 1628 360

296 1656 325 1678 v.
354 1646 454 1679 Pedes
467 1645 636 1689 trisyllabi.
1515 1653 1581 1684 36⁶2

285 1714 327 1734 vi.
355 1703 458 1736 Pedes
475 1702 687 1747 tetrasyllabi.
1516 1710 1581 1741 366

274 1772 329 1793 vn.
356 1763 471 1792 Versus
489 1765 581 1793 certo
600 1761 718 1804 pedum
733 1786 741 1803 ‚
765 1765 800 1793 ut
817 1771 872 1803 pes
890 1759 1083 1804 syllabarum
1098 1789 1107 1803 ,
1129 1771 1264 1794 numero
1280 1767 1420 1796 constat.
1515 1767 1581 1797 369

262 1829 332 1850 viu.
358 1817 451 1849 Varia
468 1817 585 1860 pedum
605 1817 742 1850 nomina.
1517 1823 1577 1852 371

287 1885 329 1906 ix.
357 1876 404 1906 De
420 1874 537 1916 pedum
549 1878 721 1907 structrua⁴
1513 1879 1577 1908 373

303 1942 334 1962 x.
358 1930 592 1974 Ampliibracus
609 1941 670 1962 nec
687 1942 745 1973 per
768 1941 815 1972 se,
838 1941 899 1963 nec
917 1929 984 1963 aliis
999 1930 1116 1963 mixtus
1136 1942 1264 1964 versum
1278 1931 1421 1965 coniicit.
1517 1936 1582 1966 374

289 1999 330 2020 xi.
358 1988 479 2020 Pedum
496 1986 692 2020 rationabilis
706 1986 858 2019 mixtura.
1517 1993 1581 2023 376

276 2055 329 2077 xn.
358 2045 460 2077 Pedes
478 2056 532 2077 sex
552 2049 747 2088 temporum.
1517 2049 1582 2079 378

263 2112 330 2134 xm.
358 2102 444 2135 Ordo
463 2101 581 2145 pedum
594 2101 754 2144 quomodo
770 2105 914 2134 mutetur
927 2101 1096 2134 concinne.
1515 2105 1581 2136 380

261 2168 329 2190 xiv.
357 2159 416 2196 Qui
440 2157 655 2201 pedesquibus
677 2157 883 2190 misceantur.
1516 2160 1581 2193 382

731 2238 907 2281 LIBER
937 2239 1020 2281 ΙΙΙ.

182 2333 228 2370 In
247 2343 323 2380 quo
341 2333 546 2381 exponitur
559 2331 651 2379 quid
671 2331 826 2368 intersit
842 2331 1081 2368 discriminis
1099 2332 1201 2370 inter
1222 2330 1451 2379 rhythmum
1466 2361 1475 2376 ‚
1501 2345 1578 2372 me-

229 2397 330 2431 trum
351 2398 390 2431 el
416 2404 598 2435 versum;
622 2396 703 2429 tum
729 2392 855 2438 agitur
879 2391 1040 2429 seorsim
1064 2392 1112 2429 de
1141 2391 1349 2439 rhythmm
1375 2403 1419 2430 ac
1435 2393 1579 2430 deinde

231 2454 403 2491 tracmlio
421 2454 469 2490 de
486 2456 609 2491 metro
630 2446 852 2489 inchoatur.'

213 2531 288 2562 ΟΜ.
315 2539 337 2561 ι.
364 2527 591 2571 n11y1111misac
604 2531 742 2560 metrum
755 2525 842 2569 quid.
1515 2529 1579 2560 384
