1888 3168
259 212 340 252 488
701 228 734 256 s.
774 230 1001 257 Anat-svm
1037 231 1217 258 EPISCOPI

254 302 357 337 sunt
381 294 449 338 isti
466 295 674 354 proficere
692 294 747 339 ad
769 295 1049 356 productiora
1067 296 1321 358 judicanda,
1347 307 1396 343 ut
1416 299 1641 356 horarum,

253 364 325 409 vel
340 364 511 409 dierum
527 401 538 421 ,
563 365 634 411 vel
651 367 779 411 etiam
796 367 1011 411 mensium
1034 384 1305 414 annorumve
1322 368 1458 430 dupla
1480 380 1524 414 et
1540 371 1645 415 sim-

253 436 326 497 pla
356 437 493 498 spatia
509 473 520 494 ,
547 453 648 483 cum
675 438 827 484 saltem
849 455 1003 485 somno
1023 440 1388 501 interpediantur,
1413 457 1543 487 sensu
1570 442 1647 489 illo

248 509 485 569 judiciario
540 511 706 570 possint
753 510 1124 571 comprehendere
1145 547 1156 568 ,
1200 521 1244 557 et
1288 522 1500 573 tanquam
1551 512 1649 559 illos

255 580 423 626 iambos
458 581 661 627 motionis
696 581 879 626 nutibus
927 582 1197 642 approbare?
1228 586 1280 628 D.
1317 586 1415 630 Non
1446 593 1645 645 possunt.

253 655 316 699 M.
342 652 460 707 Quid
488 653 548 699 ita
570 670 661 700 non
682 664 889 714 possunt,
915 654 997 699 nisi
1026 655 1130 716 quia
1171 655 1411 717 unicuique
1439 656 1651 701 animanti

254 723 300 768 in
317 739 475 784 genere
497 725 690 786 proprio,
711 725 994 786 proportione
1016 726 1306 772 universitatis
1320 762 1330 782 ,
1356 742 1505 773 sensus
1526 726 1650 772 loco-

253 811 355 841 rum
377 806 715 858 temporumque
736 796 929 842 tributus
955 806 1034 853 est,
1059 807 1110 842 ut
1132 797 1357 859 quomodo
1381 814 1539 859 eorpus
1560 799 1653 859 ejus

254 869 538 928 proportione
560 868 749 913 universi
769 868 962 929 corporis
984 878 1159 914 tautum
1186 878 1272 925 est,
1305 871 1431 930 cujus
1448 885 1547 930 pars
1570 878 1650 926 est,

256 948 300 984 et
323 950 427 984 aetas
449 941 542 1000 ejus
564 939 847 1001 proportione
880 940 1070 985 universi
1092 940 1240 985 saeculi
1269 950 1390 985 tanta
1416 950 1505 997 est,
1531 941 1655 1001 cujus

256 1026 355 1070 pars
378 1020 464 1069 est,
482 1012 541 1056 ita
564 1027 714 1057 sensus
736 1010 828 1072 ejus
848 1011 1010 1057 actioni
1033 1013 1124 1072 ejus
1141 1021 1377 1072 congruat,
1399 1027 1533 1073 quam
1550 1028 1656 1073 pro-

258 1084 459 1140 portione
493 1084 583 1142 agit
619 1083 810 1128 universi
842 1092 1011 1139 motus,
1049 1085 1175 1143 cujus
1210 1084 1304 1129 haec
1334 1099 1433 1144 pars
1463 1084 1552 1128 est?
1588 1082 1658 1128 Sic

257 1152 465 1199 habendo
478 1155 624 1199 onmia
643 1169 825 1213 magnus
841 1163 905 1199 est
916 1155 987 1199 hic
1009 1154 1218 1211 mundus,
1233 1155 1308 1216 qui
1323 1171 1436 1216 saepe
1452 1155 1499 1199 in
1519 1153 1659 1214 Scrip-

257 1225 366 1271 turis
384 1225 540 1271 divinis
553 1225 655 1272 coeli
672 1235 715 1271 et
728 1235 854 1270 terrae
867 1227 1044 1272 nomine
1056 1236 1355 1287 nuncupatur,
1372 1227 1495 1287 cujus
1509 1240 1660 1271 omnes

260 1307 405 1357 partes
424 1298 458 1343 si
473 1298 756 1359 proportione
777 1297 1051 1354 minuantur,
1076 1307 1223 1343 tantus
1243 1307 1329 1357 est,
1351 1307 1394 1342 et
1414 1297 1451 1342 si
1472 1312 1660 1358 propor-

260 1370 380 1415 tione
411 1380 676 1429 augeantur,
718 1369 1003 1415 nihilominus
1032 1379 1179 1414 tantus
1214 1379 1278 1414 est
1305 1389 1314 1415 ε
1347 1370 1451 1430 quia
1479 1367 1589 1414 nihil
1616 1368 1663 1413 in

263 1443 411 1501 spatiis
434 1443 635 1488 locorum
661 1452 704 1487 et
728 1452 978 1502 temporum
1007 1457 1085 1501 per
1107 1457 1151 1486 se
1173 1441 1317 1501 ipsum
1339 1456 1551 1500 magnum
1573 1449 1659 1496 est,

261 1512 339 1556 sed
364 1512 419 1555 ad
437 1511 606 1572 aliquid
623 1512 797 1556 brevius
818 1533 826 1557 2
853 1523 896 1557 et
918 1512 1029 1557 nihil
1046 1528 1193 1557 rursus
1212 1513 1259 1556 in
1272 1512 1339 1556 his
1361 1527 1439 1570 per
1460 1528 1505 1555 se
1520 1512 1664 1570 ipsum

263 1584 396 1628 breve
420 1592 505 1639 est,
533 1582 609 1627 sed
636 1582 691 1626 ad
720 1581 887 1642 aliquid
915 1585 1068 1642 majus.
1096 1587 1373 1642 Quapropter
1396 1583 1429 1626 si
1456 1583 1666 1628 humanae

265 1665 435 1700 naturae
458 1654 515 1699 ad
537 1653 719 1699 carnaiis
740 1653 841 1698 vitae
864 1653 1055 1698 actiones
1078 1652 1174 1697 talis
1197 1669 1346 1698 sensus
1367 1654 1559 1699 tributus
1582 1664 1662 1711 est,

267 1744 356 1789 quo
386 1728 550 1787 majora
575 1736 823 1786 temporum
846 1726 983 1785 spatia
1007 1725 1202 1786 judicare
1226 1742 1316 1771 non
1348 1726 1505 1786 possit,
1533 1742 1669 1787 quam

267 1797 497 1843 intervalla
516 1797 740 1858 postulant
769 1796 823 1842 ad
853 1797 948 1842 talis
971 1797 1070 1842 vitae
1092 1812 1221 1841 usum
1244 1797 1530 1857 pertinentia3
1555 1814 1668 1859 quo-

266 1872 384 1916 niam
408 1871 506 1915 talis
518 1870 710 1914 hominis
724 1879 879 1914 natura
894 1869 1089 1914 mortalis
1105 1878 1183 1924 est,
1205 1869 1337 1913 etiam
1349 1868 1481 1914 talem
1494 1885 1670 1915 sensum

267 1942 501 1987 mortalem
553 1951 677 2001 puto.
721 1944 818 1986 Non
854 1941 971 1985 enim
1016 1939 1177 1984 frustra
1226 1940 1500 1986 consuetudo
1545 1942 1669 2002 quasi

269 2014 461 2060 secunda
505 2024 548 2058 et
587 2014 710 2074 quasi
756 2013 1009 2059 affabricata
1051 2025 1207 2060 natura
1249 2014 1425 2059 dicitur.
1458 2013 1671 2058 Videmus

271 2097 419 2132 autem
440 2085 563 2131 velut
580 2086 792 2146 quosdam
811 2101 958 2130 sensus
977 2102 1112 2131 novos
1133 2087 1179 2131 in
1196 2085 1445 2147 judicandis
1468 2086 1671 2146 cujusce-

271 2158 392 2203 modi
418 2158 548 2202 rebus
569 2157 786 2217 corporeis
812 2158 1131 2203 consuetudine
1148 2158 1354 2213 effeetOS,
1376 2156 1459 2202 alia
1482 2171 1669 2202 consue-

272 2230 426 2274 tudine
449 2228 661 2289 deperire.
