1888 3168
702 207 826 234 LIBER
857 206 912 234 DE
945 203 1175 235 1111015150.
1551 196 1635 234 529

236 267 308 311 nia
341 268 607 330 corporalia,
632 270 709 315 sed
741 272 886 317 omnia
918 271 1103 316 visibilia
1132 271 1276 317 dicere
1309 263 1458 316 debui.
1480 273 1640 317 Fateor

235 338 355 384 enim
376 356 554 397 sonum,
581 340 760 387 odorem
775 378 785 398 ,
811 357 1032 404 saporem,
1060 343 1316 402 gravitatem
1333 378 1344 398 ,
1361 343 1572 400 calorem,
1594 352 1640 388 et

236 409 334 466 alia,
359 428 459 473 quae
480 411 537 456 ad
563 422 742 459 caeteros
759 429 908 459 sensus
935 414 1180 475 pertinent,
1206 429 1463 476 quanquam
1485 413 1637 460 sentiri

235 480 328 526 sine
360 483 619 544 corporibus
641 495 887 547 nequeant,
913 495 955 531 et
984 495 1216 547 propterea
1248 486 1334 531 sint
1364 486 1633 547 corporalia,

236 570 326 600 non
343 564 491 600 tamen
509 555 643 615 digito
671 558 799 618 posse
823 559 1068 604 monstrari.
1094 561 1208 604 Ano.
1228 560 1548 620 Nunquam—ne
1570 559 1638 604 vi-

237 624 338 671 disti
360 627 629 673 1111101111ηο5
658 645 760 674 cum
793 629 933 674 surdis
955 639 1080 691 gestu
1109 629 1234 692 quasi
1262 631 1637 686 sermocinentur,

236 696 408 759 ipsique
439 698 560 743 surdi
593 716 682 746 non
704 702 848 746 minus
877 710 1002 761 gestu
1022 701 1092 746 vel
1114 711 1336 763 quaerant,
1360 702 1431 747 vel
1454 718 1637 764 respon-

237 767 467 825 deant,vel
482 769 685 828 doceant,
698 772 769 818 vel
780 773 977 819 indicent
995 783 1070 819 aut
1088 773 1235 819 omnia
1254 790 1354 835 quae
1366 772 1540 830 volunt,
1562 783 1640 819 aut

238 852 354 888 certe
368 842 584 904 plurima?
596 845 726 899 Quod
739 862 838 891 cum
854 847 926 903 fit,
950 862 1042 893 non
1062 847 1217 909 utique
1234 846 1324 892 sola
1340 845 1527 892 1151111113
1548 847 1641 891 51110

237 914 382 960 verbis
397 915 708 973 ostenduntur,
720 917 796 962 sed
816 927 860 963 et
879 918 974 963 soni
991 927 1035 963 et
1047 934 1236 979 sapores,
1252 927 1296 963 et
1308 927 1465 963 caetera
1485 918 1641 979 hujus-

237 986 373 1032 modi.
386 989 497 1033 Nam
512 996 556 1032 et
571 987 801 1033 histriones
814 998 925 1034 totas
944 989 989 1034 in
1002 990 1181 1035 theatris
1196 988 1368 1035 fabulas
1388 990 1480 1035 sine
1496 990 1641 1035 verbis

238 1058 439 1105 saltando
453 1058 715 1122 plerumque
730 1061 934 1122 aperiunt
952 1072 995 1107 et
1008 1071 1249 1123 exponunt.
1266 1066 1348 1108 AD.
1364 1061 1483 1109 Nihil
1498 1062 1641 1108 habeo

238 1130 360 1193 quod
383 1131 703 1188 contradicam,
734 1133 815 1177 nisi
837 1132 958 1194 quod
980 1133 1115 1191 illud,
1147 1151 1236 1191 ex,
1263 1151 1354 1181 non
1377 1134 1511 1180 modo
1534 1150 1642 1195 ego,

239 1203 316 1249 sed
337 1219 418 1249 1100
447 1203 539 1264 ipse
561 1203 741 1265 quidem
769 1205 948 1251 saltator
972 1205 1124 1252 histrio
1154 1206 1234 1251 tibi
1256 1206 1348 1252 sine
1369 1206 1512 1252 verbis
1536 1205 1644 1268 quid

239 1276 454 1336 significet
473 1285 618 1337 posset
639 1274 883 1322 ostendere.

299 1352 377 1395 VI.
399 1352 513 1396 Aue.
531 1352 696 1395 Verum
707 1348 889 1395 fortasse
902 1349 1030 1395 dicis:
1049 1350 1135 1396 Sed
1151 1351 1369 1410 fingamus
1387 1367 1488 1397 eum
1502 1363 1649 1414 posse,

240 1438 330 1469 11011
342 1458 352 1478 ,
373 1430 424 1466 ut
438 1421 648 1477 arbitror,
667 1420 841 1466 dubitas
853 1456 864 1478 ,
881 1421 1078 1482 quisquis
1091 1420 1164 1466 ille
1177 1431 1324 1468 motus
1342 1425 1535 1484 corporis
1553 1423 1648 1470 fuc-

241 1495 318 1551 rit,
334 1509 424 1556 quo
440 1492 548 1537 mihi
561 1508 654 1537 rem
670 1508 770 1554 quae
787 1493 873 1538 hoc
886 1492 1024 1537 verbo
1037 1493 1307 1553 significatur
1318 1530 1329 1551 ,
1345 1494 1646 1543 demonstrare

240 1565 489 1620 conabitur,
502 1580 594 1609 non
609 1564 746 1625 ipsam
762 1579 854 1609 rem
870 1564 1067 1609 futuram
1080 1579 1187 1621 esse,
1200 1564 1277 1609 sed
1293 1566 1480 1626 signum.
1501 1571 1648 1623 Quare

240 1638 312 1683 hic
340 1652 520 1714 quoque
542 1651 633 1680 non
654 1635 834 1697 quidem
854 1636 991 1681 verbo
1007 1636 1194 1681 verbum
1207 1672 1218 1692 ,
1244 1636 1321 1682 sed
1342 1647 1489 1684 tamen
1524 1640 1650 1699 signo

241 1709 416 1769 signum
438 1707 723 1753 nihilominus
760 1706 994 1763 indicabit,
1019 1717 1070 1753 ut
1091 1717 1135 1753 et
1154 1708 1240 1754 hoc
1259 1709 1643 1769 monosyllabum,

243 1798 330 1839 ex,
355 1790 400 1827 et
419 1780 492 1825 ille
510 1789 654 1839 gestus
670 1815 681 1836 ,
706 1795 842 1825 unam
864 1795 954 1825 rem
968 1780 1208 1842 quamdam
1230 1782 1497 1841 significent,
1513 1800 1647 1845 quam

242 1853 351 1898 mihi
364 1867 445 1912 ego
466 1850 626 1897 vellem
647 1867 738 1896 non
761 1851 1046 1911 significando
1068 1854 1315 1899 monstrari.
1342 1857 1424 1899 AD.
1451 1856 1539 1909 Qui
1561 1872 1647 1916 po-

245 1934 328 1972 test
354 1924 475 1987 quod
499 1922 680 1985 quaeris,
707 1939 784 1970 oro
812 1925 1016 1969 tePAcG.
1041 1925 1276 1979 Quomodo
1307 1926 1448 1987 paries
1482 1928 1651 1988 potuit,

244 2001 327 2045 An.
347 2000 412 2045 Ne
444 1997 534 2059 ipse
552 1996 732 2058 quidem
749 2032 760 2053 ,
786 2005 1006 2059 quantum
1026 1998 1136 2044 ratio
1157 1998 1443 2059 progrediens
1464 1999 1616 2046 docuit
1634 2038 1646 2058 ,

245 2069 438 2117 ostendit
460 2069 551 2114 sine
571 2069 696 2130 signo
719 2077 877 2129 potest.
899 2071 1011 2115 Nam
1031 2079 1075 2115 et
1096 2070 1283 2117 intentio
1311 2070 1436 2133 digiti
1457 2088 1549 2119 11011
1584 2083 1650 2120 051

246 2143 402 2204 utique
434 2140 598 2202 paries,
624 2139 699 2184 sed
721 2140 898 2200 signum
920 2138 1072 2198 datur,
1092 2157 1171 2203 per
1193 2143 1315 2204 quod
1336 2145 1476 2205 paries
1514 2147 1651 2206 possit

245 2213 400 2260 videri.
430 2212 551 2259 Nihil
571 2211 721 2273 itaque
742 2211 870 2257 video
892 2211 1014 2274 quod
1035 2213 1127 2259 sine
1149 2214 1279 2274 signis
1302 2216 1472 2262 ostendi
1494 2229 1644 2279 queat.

247 2290 362 2333 Ate.
389 2283 506 2339 Quid
535 2284 569 2329 si
586 2300 637 2328 ex
660 2292 703 2328 te
724 2300 966 2345 quaererem
981 2321 992 2341 ,
1018 2285 1127 2347 quid
1149 2287 1204 2332 sit
1226 2288 1473 2346 ambulare,
1496 2306 1649 2351 surge-

249 2372 406 2420 resque
428 2365 472 2401 et
501 2355 548 2401 id
570 2370 715 2415 ageres
729 2392 740 2412 ,
766 2371 915 2401 nonne
937 2356 1077 2417 reipsa
1093 2358 1239 2419 potius
1261 2376 1395 2421 quam
1417 2361 1560 2407 verbis
1595 2364 1651 2409 ad

252 2446 322 2477 me
342 2428 621 2484 docendum,
644 2437 721 2473 aut
742 2426 843 2472 ullis
860 2426 964 2473 *aliis
994 2429 1126 2489 signis
1148 2432 1358 2477 utereris?
1378 2436 1460 2478 An.
1487 2436 1647 2480 Fateor

251 2503 310 2549 ita
331 2518 444 2558 esse,
469 2510 511 2546 et
528 2498 666 2561 pudet
683 2515 753 2545 me
766 2515 857 2544 rem
874 2508 962 2545 tam
979 2500 1025 2545 in
1039 2513 1248 2564 promptu
1266 2505 1452 2565 positam
1469 2523 1555 2552 non
1580 2509 1648 2552 vi-

252 2574 364 2621 disse
382 2593 390 2620 :
408 2589 458 2618 ex
474 2588 562 2633 qua
583 2570 714 2616 etiam
727 2570 834 2616 mihi
851 2570 985 2616 millia
1004 2588 1149 2619 rerum
1166 2575 1256 2635 jam
1271 2588 1530 2634 occurrunt,
1549 2596 1648 2640 quae

442 2656 565 2688 cvm.
1408 2650 1458 2691 31
