1888 3168
240 198 323 240 ‘284
664 206 697 235 s.
734 204 965 238 AUGUSTINI
997 209 1180 238 Eriscort

238 277 506 322 nutrimenta
523 284 793 335 comparant,
814 276 1058 320 instaurant
1073 285 1220 321 autem
1238 276 1328 321 sola
1343 278 1630 322 nutrimenta.

240 349 316 393 His
338 346 542 392 omnibus
555 346 631 408 qui
645 346 871 408 aequaliter
887 346 1110 408 praevalet,
1124 346 1352 393 mirandus
1371 358 1436 393 est
1450 349 1634 406 viribus,

237 429 280 464 ct
307 427 429 463 tanto
461 428 524 463 est
558 417 664 463 alius
694 418 778 463 alio
810 418 1063 475 invalidior,
1093 428 1260 480 quanto
1296 418 1394 479 plus
1428 435 1529 465 eum
1558 421 1640 465 ista

236 490 464 535 deficiunt.
489 490 648 551 Fitque
671 505 784 550 saepe
807 498 856 534 ut
878 490 1091 549 pertinaci
1131 500 1261 547 nutu,
1280 490 1461 536 meliore
1477 491 1642 536 machi-

236 570 444 606 namento
467 560 597 617 alius,
623 561 820 622 quamvis
842 576 1027 620 parvum
1050 560 1224 621 pondus
1254 562 1448 623 corporis
1479 563 1637 623 egerit,

236 633 370 678 alium
409 635 572 694 majore
603 633 719 678 mole
757 632 994 694 praeditum
1027 633 1189 679 vincat.
1229 637 1502 697 Rursusque,
1529 651 1642 680 non-

236 721 465 766 nunquam
500 714 622 750 tanta
653 704 789 749 moles
825 714 910 761 est,
943 714 993 749 ut
1025 705 1193 750 etiamsi
1227 705 1514 751 imbecilliore
1542 707 1642 750 111311

236 786 405 836 agatur,
421 777 640 837 opprimat
660 786 805 820 tamen
827 791 1014 836 parvum
1038 776 1332 822 adversarium
1348 776 1489 822 multo
1505 778 1643 823 vehe-

233 848 423 893 mentius
454 848 730 892 innitentem.
758 849 872 893 Cum
893 863 998 893 vero
1020 864 1112 893 non
1133 847 1308 909 pondus
1325 849 1534 909 corporis,
1554 864 1637 893 nec

234 919 475 964 moderatio
496 934 747 975 nervorum,
767 917 843 964 sed
864 928 999 964 nutus
1021 920 1128 980 ipse,
1145 918 1192 964 id
1214 929 1293 975 est,
1311 920 1482 964 animus
1505 918 1639 975 cedit,

234 1000 286 1035 ut
308 991 488 1036 omnino
509 991 747 1047 valentior,
773 991 828 1035 ab
859 991 980 1036 omni
1002 991 1134 1037 modo
1168 990 1449 1046 invalidiore,
1473 989 1550 1035 sed
1574 1000 1643 1035 ta-

234 1077 337 1107 men
372 1062 565 1108 timidior
593 1063 648 1107 ab
671 1062 903 1108 audaciore
925 1073 1179 1124 superetur,
1206 1063 1352 1107 1163610
1372 1072 1522 1107 utrum
1544 1062 1645 1107 viri-

235 1135 318 1178 bus
350 1133 685 1178 attribuendum
717 1135 796 1180 sit:
833 1135 915 1180 nisi
947 1135 1045 1196 quis
1075 1134 1190 1179 dicat
1229 1134 1394 1179 habere
1431 1132 1645 1194 quasdam

234 1221 333 1250 suas
370 1204 482 1250 vires
512 1205 726 1261 animam,
755 1206 918 1267 quibus
947 1207 987 1250 61
1009 1207 1149 1267 major
1172 1204 1353 1250 audacia
1381 1204 1452 1251 vel
1485 1203 1646 1249 fiducia

234 1277 443 1337 pariatur.
470 1279 579 1331 Quae
602 1292 706 1322 cum
731 1277 858 1322 alteri
881 1277 1064 1334 adsunt,
1091 1277 1217 1323 alteri
1239 1278 1420 1333 desunt,
1445 1286 1556 1322 tunc
1578 1276 1648 1320 in-

235 1347 446 1407 telligitur
470 1358 689 1410 quantum
713 1348 884 1392 animus
910 1349 1084 1408 corpori
1107 1365 1208 1404 suo,
1234 1348 1368 1394 etiam
1388 1349 1435 1394 in
1457 1364 1508 1394 eo
1526 1346 1649 1409 quod

234 1436 313 1481 per
336 1436 495 1481 corpus
519 1422 681 1479 agitur,
708 1418 957 1465 antecellat.

292 1492 503 1540 XXXIX.
530 1491 831 1546 Quamobrem
853 1505 955 1535 cum
983 1489 1142 1535 infanti
1172 1505 1311 1550 puero
1333 1488 1451 1534 solus
1472 1487 1529 1533 ad
1550 1497 1642 1533 tra-

236 1563 434 1609 bendum
458 1563 626 1625 aliquid
638 1563 709 1608 vel
731 1561 1038 1623 repellendum
1066 1571 1202 1606 nutus
1228 1562 1282 1606 sit
1306 1561 1477 1621 integer
1495 1595 1506 1617 ,
1527 1560 1650 1606 nervi

237 1645 385 1680 autem
404 1644 448 1680 et
469 1636 650 1695 propter
672 1643 893 1679 recentem
924 1634 1160 1694 minusque
1197 1631 1439 1693 perfectam
1467 1630 1647 1676 confor-

237 1708 478 1751 mationem
515 1706 761 1761 inhabiles,
800 1715 843 1750 et
864 1714 1045 1766 propter
1080 1705 1311 1749 humorem
1351 1704 1427 1765 qui
1449 1702 1513 1748 illi
1533 1704 1652 1748 aetati

235 1779 449 1823 exuberat
471 1776 678 1832 marcidi,
706 1786 749 1821 et
770 1786 953 1837 propter
977 1776 1147 1820 nullam
1171 1775 1528 1820 exercitationem
1550 1774 1651 1819 lan-

239 1848 384 1908 guidi,
408 1848 590 1909 pondus
613 1863 717 1892 vero
741 1847 851 1892 adeo
895 1848 950 1892 sit
963 1848 1172 1907 exiguum
1189 1882 1200 1902 ,
1227 1856 1278 1891 ut
1294 1862 1349 1891 ne
1364 1846 1419 1891 ab
1442 1845 1528 1891 alio
1551 1847 1652 1908 qui-

240 1919 342 1964 dem
382 1920 623 1979 impactum
659 1919 847 1976 graviter
884 1928 1040 1976 urgeat
1056 1954 1066 1973 ,
1093 1918 1478 1978 opportuniusque
1501 1918 1556 1962 sit
1597 1916 1653 1962 ad

240 1988 541 2050 accipiendam
564 2004 697 2048 quam
730 1987 787 2031 ad
824 1987 1100 2032 inferendam
1135 1986 1416 2032 molestiam:
1452 1989 1550 2048 quis
1587 1998 1652 2033 est

240 2062 316 2122 qui
339 2076 441 2106 cum
462 2061 556 2104 haec
571 2059 721 2104 onmia
741 2074 841 2120 quae
859 2057 1043 2114 desunt,
1066 2058 1302 2103 contulisse
1320 2074 1456 2104 3111103
1470 2059 1647 2116 viderit,

240 2134 441 2193 viresque
464 2147 542 2191 per
556 2146 628 2175 eos
647 2130 773 2175 datas
787 2130 1097 2190 cognoverint,
1114 2130 1295 2175 crevisse
1313 2129 1504 2175 animam
1523 2166 1533 2185 ,
1551 2146 1652 2191 quae

240 2205 307 2249 his
329 2205 374 2248 in
397 2203 488 2248 dies
505 2202 797 2263 amplioribus
822 2212 999 2258 utatur,
1031 2211 1148 2247 recte
1169 2218 1217 2247 36
1237 2200 1480 2262 prudenter
1502 2202 1649 2247 existi-

241 2278 361 2320 met?
383 2279 533 2320 Potest
554 2274 672 2318 enim
691 2274 770 2318 iste
789 2274 821 2318 si
838 2274 894 2318 ab
912 2273 1061 2334 aliquo
1068 2290 1083 2334 J
1096 2288 1238 2318 uvene
1251 2308 1261 2328 ,
1279 2288 1416 2333 quem
1433 2272 1653 2318 velamine

244 2347 505 2407 interposito
537 2361 627 2391 non
651 2345 913 2405 conspiciat,
936 2360 1093 2404 parvos
1107 2360 1155 2388 ac
1178 2343 1294 2388 leves
1310 2343 1499 2389 calamos
1516 2380 1526 2399 ,
1552 2344 1650 2389 laxo

244 2434 347 2462 arcu
381 2427 598 2478 quantum
635 2425 780 2476 potest
806 2415 1045 2476 jaculatos,
1087 2414 1247 2459 viderit
1277 2430 1367 2459 non
1397 2414 1527 2474 longe
1569 2415 1647 2469 ire,

244 2505 434 2550 moxque
468 2488 688 2546 recidere,
735 2504 783 2532 ac
817 2497 914 2548 post
947 2485 1176 2547 paululum
1211 2487 1384 2545 sagittas
1408 2488 1499 2547 jam
1533 2485 1648 2529 ferro

245 2576 393 2618 graves
409 2596 420 2615 ,
462 2559 667 2620 pennulis
705 2568 881 2619 vegetas
897 2594 907 2613 ,
946 2574 1080 2603 nervo
1118 2558 1406 2604 intentissimo
1449 2557 1643 2611 emissas,

1872 1290 1884 1617 ··—⁵———-·-—-0—--*<-—-.
1882 1298 1884 1303 ,
1873 1151 1883 1291 ‚os—m
1882 1191 1884 1193 .
1873 951 1885 1149 §.serr—«Q
1884 987 1885 991 Α
1882 966 1885 978 ⁴.
1874 866 1885 953 zzz-2
1874 842 1885 858 L
1874 732 1885 834 *-:—¹2‘?-5.·
1874 542 1888 719 acam.
1875 614 1876 617 Α
1877 483 1888 542 ..—..<
1877 491 1881 502 -
1877 418 1888 482 fam<
1878 393 1888 412 s
1884 376 1888 384 .
1877 299 1888 362 ,πη
1878 285 1880 289 -
1882 267 1888 275 p
1876 232 1886 259 «ελ
1877 162 1888 225 0³ss:
