1888 3168
352 199 433 240 462
790 210 822 237 s.
859 210 1088 240 morsum
1121 212 1299 240 Errseorr

348 363 392 379 A!
396 362 525 379 §munst
528 362 775 379 tvtxktxstmtu
778 363 989 380 ἱδἏἎνἋΜΊ

1194 365 1391 382 ὬΜΝἏΊΕἋΊ
1394 365 1658 384 mxwinffvuwx
1663 369 1731 386 ΦἉῚ

859 485 1076 536 CAPUT
1111 487 1203 535 XI.

521 629 719 677 &enat-ii
734 626 972 689 quomodo
992 628 1288 676 commodius
1310 631 1551 678 metiendi.

402 770 571 814 XXIII.
609 771 693 815 SED
715 769 852 830 quaeri
885 778 1028 830 potest
1061 785 1139 815 cur
1166 768 1365 816 meliores
1387 785 1534 816 versus
1549 770 1733 832 judicati

343 841 430 887 sint
450 840 629 896 senarii,
653 840 698 885 in
719 841 879 901 quibus
902 851 1172 902 anapaestum
1194 841 1365 888 subtilis
1387 841 1462 887 illa
1483 842 1590 888 ratio
1605 842 1733 888 meti-

346 923 439 970 tur,
469 922 512 958 ct
540 913 569 956 ii
585 913 631 957 in
657 913 818 973 quibus
837 914 1106 971 trochaeum,
1130 930 1263 976 quam
1280 914 1315 960 si
1331 913 1559 973 dactylum
1579 915 1641 959 ibi
1657 950 1668 970 ,
1690 924 1735 960 et

341 995 385 1030 et
406 985 476 1030 hic
492 985 689 1029 iambum
710 985 952 1030 metiretur.
973 985 1339 1047 Sinepraejudicio
1357 987 1474 1030 enim
1486 986 1730 1042 sententiae,

340 1058 549 1118 quoniam
575 1073 693 1102 nune
721 1057 776 1102 de
805 1058 996 1103 numeris
1040 1058 1229 1118 agimus,
1261 1060 1295 1104 si
1317 1075 1462 1104 versus
1497 1058 1556 1103 ita
1585 1068 1696 1103 esset
1720 1077 1731 1104 ;

347 1128 508 1190 Τι’ρ]’(ε
522 1130 606 1188 (μα’
615 1129 800 1189 primus
819 1128 882 1174 ab
897 1130 994 1174 oris
1007 1146 1150 1175 arma
1164 1131 1413 1190 virumque
1429 1146 1570 1187 ccmo,
1590 1129 1662 1175 vel
1679 1130 1734 1174 de

338 1200 414 1246 illo
433 1216 587 1259 genere
615 1221 622 1246 :
657 1201 755 1265 Qui
770 1200 944 1261 procul
961 1200 1090 1246 malo
1108 1201 1218 1261 pias
1243 1200 1408 1247 beatus
1430 1200 1523 1258 ille,
1549 1210 1734 1262 uterque

338 1273 497 1317 horum
515 1289 595 1317 nec
617 1274 761 1318 minus
783 1273 975 1318 senarius
998 1283 1122 1330 esset,
1149 1290 1228 1319 uec
1247 1275 1390 1319 minus
1411 1273 1611 1319 brevium
1632 1272 1733 1318 lon-

339 1359 579 1405 garumque
595 1344 864 1402 syllabarum
888 1346 1204 1405 temperatione
1216 1346 1483 1402 moderatus,
1503 1360 1584 1390 nec
1599 1345 1734 1404 magis

337 1416 533 1460 converti
555 1426 741 1476 poterat,
768 1417 873 1461 etin
889 1426 1075 1478 utroque
1091 1418 1290 1462 membra
1312 1419 1372 1463 ita
1390 1416 1592 1462 ordinata
1612 1425 1731 1471 sunt,

337 1496 388 1531 ut
409 1496 454 1531 et
470 1487 516 1531 in
538 1488 696 1548 quinto
715 1497 758 1532 et
779 1488 824 1532 in
856 1489 1040 1548 septimo
1061 1487 1282 1549 semipede
1299 1503 1396 1547 pars
1417 1488 1624 1532 orationis
1641 1496 1733 1532 ter-

337 1558 530 1603 minetur
562 1577 571 1604 :
597 1575 674 1603 cur
707 1573 809 1617 ergo
830 1558 1028 1603 meliores
1058 1559 1149 1603 istis
1181 1567 1417 1617 putentur,
1442 1559 1477 1602 si
1505 1558 1652 1618 potius
1674 1558 1734 1604 ita

337 1631 437 1687 siut,
456 1632 617 1676 Arma
639 1631 888 1689 virumque
910 1645 1050 1675 cano.
1075 1629 1236 1692 Trojoe
1249 1627 1606 1691 qaiprinzas-ab
1618 1629 1730 1675 oris.

337 1701 524 1748 Beatus
548 1700 626 1747 ille
651 1703 735 1761 qui
753 1699 927 1762 procul
948 1701 1058 1762 pius
1087 1696 1255 1745 malo?
1284 1703 1336 1745 In
1368 1717 1456 1763 qua
1489 1701 1733 1762 quaestione

335 1773 507 1820 facilius
529 1783 573 1819 et
598 1773 833 1835 proclivius
855 1772 1036 1818 dixerim
1066 1771 1180 1817 forte
1203 1773 1420 1829 evenisse,
1443 1781 1496 1817 ut
1520 1772 1590 1817 isti
1611 1771 1732 1832 prius

337 1845 788 1891 animadverterentur
811 1853 887 1889 aut
906 1842 1315 1905 frequentarentur,
1339 1852 1417 1888 aut
1435 1843 1468 1888 si
1486 1842 1532 1887 id
1556 1858 1649 1888 non
1669 1851 1735 1888 est

336 1917 593 1973 fortuitum,
614 1915 768 1972 melius
784 1914 916 1960 credo
937 1915 1078 1960 visum
1094 1914 1241 1970 fuisse,
1267 1924 1318 1960 ut
1335 1915 1539 1960 heroicus
1561 1914 1734 1960 duabus

334 1987 492 2048 longis,
518 2004 651 2050 quam
668 1987 840 2032 duabus
857 1986 1063 2030 brevibus
1087 1995 1130 2031 et
1151 1985 1282 2046 longa
1299 1985 1593 2042 clauderetur,
1610 1985 1734 2048 quod

334 2060 381 2105 in
403 2060 545 2119 longis
573 2075 698 2104 aures
719 2057 992 2103 commodius
1015 2057 1301 2118 acquiescunt
1331 2077 1340 2103 :
1363 2057 1437 2102 ille
1455 2067 1602 2102 autem
1619 2057 1741 2103 alter‘

336 2132 381 2176 in
403 2131 525 2175 finali
547 2128 765 2190 semipede
784 2128 961 2188 longam
983 2127 1197 2186 syllabam
1220 2128 1365 2190 potius
1380 2129 1563 2191 haberet
1592 2144 1727 2191 quam

334 2203 528 2247 brevem.
564 2205 649 2247 Res
669 2199 848 2262 quidem
875 2201 935 2245 sic
956 2200 1173 2258 sehabet,
1200 2210 1249 2245 ut
1269 2201 1537 2262 quicumque
1567 2201 1728 2247 horum

335 2275 499 2335 priores
522 2273 806 2333 eligerentur,
838 2272 1077 2318 necessario
1099 2271 1190 2317 aliis
1214 2271 1435 2318 auferrent
1455 2272 1626 2330 locum,
1651 2273 1728 2335 qui

336 2345 540 2391 membris
568 2344 720 2389 iisdem
749 2343 1066 2404 praeposteratis
1094 2344 1187 2388 fieri
1215 2353 1403 2404 possent.
1446 2344 1659 2398 Quocirca
1693 2345 1728 2389 si

335 2416 490 2462 melior
501 2415 723 2477 judicatus
746 2425 825 2470 est,
849 2416 971 2475 cujus
989 2414 1233 2473 exemplum
1256 2424 1319 2459 est
1334 2450 1345 2471 ,
1365 2416 1525 2460 Arma
1547 2416 1726 2461 virum-

336 2507 426 2550 que
444 2505 584 2544 cano,
617 2487 778 2549 Trojoe
801 2488 884 2545 qui
899 2488 1083 2547 primus
1097 2485 1160 2531 ab
1183 2487 1279 2532 oris
1304 2503 1314 2532 .·
1337 2487 1483 2548 inepte
1495 2489 1585 2548 jam
1603 2488 1727 2532 fieret

335 2563 414 2608 isto
431 2576 637 2608 converso
661 2559 779 2605 aliud
802 2575 955 2619 genus,
982 2559 1107 2605 sicuti
1133 2568 1217 2615 est,
1251 2558 1410 2621 Trojoe
1435 2560 1520 2618 (Ῑιιὶ
1537 2560 1723 2619 primus
