<?xml version="1.0" encoding="UTF-8"?>
<!DOCTYPE html PUBLIC "-//W3C//DTD XHTML 1.0 Transitional//EN"
    "http://www.w3.org/TR/xhtml1/DTD/xhtml1-transitional.dtd">
<html xmlns="http://www.w3.org/1999/xhtml" xml:lang="en" lang="en">
 <head>
  <title>
</title>
<meta http-equiv="Content-Type" content="text/html;charset=utf-8" />
  <meta name='ocr-system' content='tesseract 3.04.00' />
  <meta name='ocr-capabilities' content='ocr_page ocr_carea ocr_par ocr_line ocrx_word'/>
</head>
<body>
  <div class='ocr_page' id='page_1' title='image "./operaomniaaccura01auguuoft_0173.png"; bbox 0 0 1852 3163; ppageno 0'>
   <div class='ocr_carea' id='block_1_1' title="bbox 652 172 1573 218">
    <p class='ocr_par' dir='ltr' id='par_1_1' title="bbox 652 172 1573 218">
     <span class='ocr_line' id='line_1_1' title="bbox 652 172 1573 218; baseline -0.003 0"><span class='ocrx_word' id='word_1_1' title='bbox 652 191 706 218; x_wconf 85' lang='lat' dir='ltr'>DE</span> <span class='ocrx_word' id='word_1_2' title='bbox 740 191 903 218; x_wconf 68' lang='lat' dir='ltr'>omnm:</span> <span class='ocrx_word' id='word_1_3' title='bbox 935 172 1084 217; x_wconf 59' lang='lat' dir='ltr'>mnfi.</span> <span class='ocrx_word' id='word_1_4' title='bbox 1490 177 1573 216; x_wconf 83' lang='lat'>163</span> 
     </span>
    </p>
   </div>
   <div class='ocr_carea' id='block_1_2' title="bbox 134 252 1590 1256">
    <p class='ocr_par' dir='ltr' id='par_1_2' title="bbox 134 252 1590 1256">
     <span class='ocr_line' id='line_1_2' title="bbox 174 252 1578 319; baseline -0.005 -14"><span class='ocrx_word' id='word_1_5' title='bbox 174 259 438 305; x_wconf 84' lang='lat' dir='ltr'>Dicebamus</span> <span class='ocrx_word' id='word_1_6' title='bbox 454 257 581 303; x_wconf 90' lang='lat' dir='ltr'>nobis</span> <span class='ocrx_word' id='word_1_7' title='bbox 604 257 707 319; x_wconf 87' lang='lat' dir='ltr'>ipsis</span> <span class='ocrx_word' id='word_1_8' title='bbox 729 277 737 303; x_wconf 78' lang='lat'><em>2</em></span> <span class='ocrx_word' id='word_1_9' title='bbox 761 256 846 302; x_wconf 86' lang='lat' dir='ltr'>Ubi</span> <span class='ocrx_word' id='word_1_10' title='bbox 867 272 957 301; x_wconf 90' lang='lat' dir='ltr'>non</span> <span class='ocrx_word' id='word_1_11' title='bbox 979 254 1073 299; x_wconf 69' lang='lat' dir='ltr'>lex}J</span> <span class='ocrx_word' id='word_1_12' title='bbox 1096 252 1181 299; x_wconf 88' lang='lat' dir='ltr'>Ubi</span> <span class='ocrx_word' id='word_1_13' title='bbox 1200 269 1289 298; x_wconf 91' lang='lat' dir='ltr'>non</span> <span class='ocrx_word' id='word_1_14' title='bbox 1311 252 1482 298; x_wconf 85' lang='lat' dir='ltr'>meliori</span> <span class='ocrx_word' id='word_1_15' title='bbox 1504 255 1578 299; x_wconf 86' lang='lat' dir='ltr'>de-</span> 
     </span>
     <span class='ocr_line' id='line_1_3' title="bbox 175 325 1581 389; baseline -0.003 -15"><span class='ocrx_word' id='word_1_16' title='bbox 175 330 320 374; x_wconf 84' lang='lat' dir='ltr'>bitum</span> <span class='ocrx_word' id='word_1_17' title='bbox 357 328 721 389; x_wconf 78' lang='lat' dir='ltr'>imperiumPUbi</span> <span class='ocrx_word' id='word_1_18' title='bbox 753 344 844 373; x_wconf 89' lang='lat' dir='ltr'>non</span> <span class='ocrx_word' id='word_1_19' title='bbox 878 326 1037 371; x_wconf 87' lang='lat' dir='ltr'>umbra</span> <span class='ocrx_word' id='word_1_20' title='bbox 1070 325 1352 371; x_wconf 79' lang='lat' dir='ltr'>constantiae?</span> <span class='ocrx_word' id='word_1_21' title='bbox 1375 325 1461 370; x_wconf 85' lang='lat' dir='ltr'>Ubi</span> <span class='ocrx_word' id='word_1_22' title='bbox 1489 341 1581 371; x_wconf 91' lang='lat' dir='ltr'>non</span> 
     </span>
     <span class='ocr_line' id='line_1_4' title="bbox 175 396 1582 461; baseline -0.004 -15"><span class='ocrx_word' id='word_1_23' title='bbox 175 401 362 446; x_wconf 81' lang='lat' dir='ltr'>imitatio</span> <span class='ocrx_word' id='word_1_24' title='bbox 382 400 616 446; x_wconf 70' lang='lat' dir='ltr'>verissimae</span> <span class='ocrx_word' id='word_1_25' title='bbox 644 399 760 445; x_wconf 91' lang='lat' dir='ltr'>illius</span> <span class='ocrx_word' id='word_1_26' title='bbox 779 397 1146 461; x_wconf 78' lang='lat' dir='ltr'>pulchritudinis?</span> <span class='ocrx_word' id='word_1_27' title='bbox 1170 396 1255 442; x_wconf 85' lang='lat' dir='ltr'>Ubi</span> <span class='ocrx_word' id='word_1_28' title='bbox 1277 413 1369 442; x_wconf 92' lang='lat' dir='ltr'>non</span> <span class='ocrx_word' id='word_1_29' title='bbox 1389 396 1582 442; x_wconf 75' lang='lat' dir='ltr'>modus?</span> 
     </span>
     <span class='ocr_line' id='line_1_5' title="bbox 176 469 1583 534; baseline -0.004 -16"><span class='ocrx_word' id='word_1_30' title='bbox 176 476 323 534; x_wconf 80' lang='lat' dir='ltr'><strong>Atque</strong></span> <span class='ocrx_word' id='word_1_31' title='bbox 348 471 452 517; x_wconf 89' lang='lat' dir='ltr'>inde</span> <span class='ocrx_word' id='word_1_32' title='bbox 489 470 706 517; x_wconf 82' lang='lat' dir='ltr'>admoniti</span> <span class='ocrx_word' id='word_1_33' title='bbox 728 481 780 517; x_wconf 90' lang='lat' dir='ltr'>ut</span> <span class='ocrx_word' id='word_1_34' title='bbox 801 470 1026 534; x_wconf 87' lang='lat' dir='ltr'>spectandi</span> <span class='ocrx_word' id='word_1_35' title='bbox 1048 469 1208 516; x_wconf 91' lang='lat' dir='ltr'>modus</span> <span class='ocrx_word' id='word_1_36' title='bbox 1230 478 1363 526; x_wconf 83' lang='lat' dir='ltr'>esset,</span> <span class='ocrx_word' id='word_1_37' title='bbox 1387 469 1583 530; x_wconf 81' lang='lat' dir='ltr'>perrexi-</span> 
     </span>
     <span class='ocr_line' id='line_1_6' title="bbox 176 541 1583 606; baseline -0.003 -16"><span class='ocrx_word' id='word_1_38' title='bbox 176 561 273 590; x_wconf 89' lang='lat' dir='ltr'>mus</span> <span class='ocrx_word' id='word_1_39' title='bbox 292 560 382 606; x_wconf 90' lang='lat' dir='ltr'>quo</span> <span class='ocrx_word' id='word_1_40' title='bbox 404 544 681 605; x_wconf 90' lang='lat' dir='ltr'>propositum</span> <span class='ocrx_word' id='word_1_41' title='bbox 699 555 806 590; x_wconf 86' lang='lat' dir='ltr'>erat.</span> <span class='ocrx_word' id='word_1_42' title='bbox 833 548 979 606; x_wconf 83' lang='lat' dir='ltr'>Atque</span> <span class='ocrx_word' id='word_1_43' title='bbox 997 544 1060 589; x_wconf 90' lang='lat' dir='ltr'>ibi</span> <span class='ocrx_word' id='word_1_44' title='bbox 1082 553 1132 589; x_wconf 91' lang='lat' dir='ltr'>ut</span> <span class='ocrx_word' id='word_1_45' title='bbox 1145 542 1372 605; x_wconf 88' lang='lat' dir='ltr'>potuimus</span> <span class='ocrx_word' id='word_1_46' title='bbox 1387 557 1488 587; x_wconf 86' lang='lat' dir='ltr'>sane</span> <span class='ocrx_word' id='word_1_47' title='bbox 1511 541 1583 586; x_wconf 83' lang='lat' dir='ltr'>di.-</span> 
     </span>
     <span class='ocr_line' id='line_1_7' title="bbox 175 614 1585 678; baseline -0.001 -18"><span class='ocrx_word' id='word_1_48' title='bbox 175 616 384 676; x_wconf 76' lang='lat' dir='ltr'>ligenter,</span> <span class='ocrx_word' id='word_1_49' title='bbox 403 618 531 675; x_wconf 90' lang='lat' dir='ltr'>(nam</span> <span class='ocrx_word' id='word_1_50' title='bbox 553 626 596 661; x_wconf 90' lang='lat' dir='ltr'>et</span> <span class='ocrx_word' id='word_1_51' title='bbox 624 627 819 662; x_wconf 80' lang='lat' dir='ltr'>recentes</span> <span class='ocrx_word' id='word_1_52' title='bbox 844 632 910 661; x_wconf 89' lang='lat' dir='ltr'>res</span> <span class='ocrx_word' id='word_1_53' title='bbox 933 626 1080 672; x_wconf 80' lang='lat' dir='ltr'>erant,</span> <span class='ocrx_word' id='word_1_54' title='bbox 1108 625 1152 661; x_wconf 87' lang='lat' dir='ltr'>et</span> <span class='ocrx_word' id='word_1_55' title='bbox 1173 614 1353 678; x_wconf 90' lang='lat' dir='ltr'>quando</span> <span class='ocrx_word' id='word_1_56' title='bbox 1378 623 1585 675; x_wconf 81' lang='lat' dir='ltr'>poterant</span> 
     </span>
     <span class='ocr_line' id='line_1_8' title="bbox 177 686 1585 748; baseline -0.001 -16"><span class='ocrx_word' id='word_1_57' title='bbox 177 697 267 732; x_wconf 88' lang='lat' dir='ltr'>tam</span> <span class='ocrx_word' id='word_1_58' title='bbox 299 686 503 748; x_wconf 82' lang='lat' dir='ltr'>insignita</span> <span class='ocrx_word' id='word_1_59' title='bbox 533 688 667 733; x_wconf 84' lang='lat' dir='ltr'>trium</span> <span class='ocrx_word' id='word_1_60' title='bbox 704 688 1001 734; x_wconf 89' lang='lat' dir='ltr'>studiosorum</span> <span class='ocrx_word' id='word_1_61' title='bbox 1036 688 1293 734; x_wconf 78' lang='lat' dir='ltr'>memoriam</span> <span class='ocrx_word' id='word_1_62' title='bbox 1325 687 1585 746; x_wconf 78' lang='lat' dir='ltr'>effugereP)</span> 
     </span>
     <span class='ocr_line' id='line_1_9' title="bbox 134 758 1586 823; baseline -0.003 -16"><span class='ocrx_word' id='word_1_63' title='bbox 134 796 143 807; x_wconf 88' lang='lat'><strong>.</strong></span> <span class='ocrx_word' id='word_1_64' title='bbox 178 760 324 805; x_wconf 90' lang='lat' dir='ltr'>omnia</span> <span class='ocrx_word' id='word_1_65' title='bbox 337 770 498 805; x_wconf 83' lang='lat' dir='ltr'>nostrae</span> <span class='ocrx_word' id='word_1_66' title='bbox 512 760 832 807; x_wconf 81' lang='lat' dir='ltr'>lucubrationis</span> <span class='ocrx_word' id='word_1_67' title='bbox 844 760 1053 823; x_wconf 85' lang='lat' dir='ltr'>opuscula</span> <span class='ocrx_word' id='word_1_68' title='bbox 1068 762 1114 805; x_wconf 91' lang='lat' dir='ltr'>in</span> <span class='ocrx_word' id='word_1_69' title='bbox 1131 762 1245 806; x_wconf 87' lang='lat' dir='ltr'>hanc</span> <span class='ocrx_word' id='word_1_70' title='bbox 1262 758 1400 804; x_wconf 85' lang='lat' dir='ltr'>libelli</span> <span class='ocrx_word' id='word_1_71' title='bbox 1415 768 1586 819; x_wconf 88' lang='lat' dir='ltr'>partem</span> 
     </span>
     <span class='ocr_line' id='line_1_10' title="bbox 179 830 1589 895; baseline -0.003 -17"><span class='ocrx_word' id='word_1_72' title='bbox 179 831 462 878; x_wconf 88' lang='lat' dir='ltr'>contulimus.</span> <span class='ocrx_word' id='word_1_73' title='bbox 486 832 694 895; x_wconf 84' lang='lat' dir='ltr'>Nihilque</span> <span class='ocrx_word' id='word_1_74' title='bbox 712 850 736 879; x_wconf 92' lang='lat' dir='ltr'>a</span> <span class='ocrx_word' id='word_1_75' title='bbox 757 849 829 878; x_wconf 86' lang='lat' dir='ltr'>me</span> <span class='ocrx_word' id='word_1_76' title='bbox 847 832 968 878; x_wconf 86' lang='lat' dir='ltr'>aliud</span> <span class='ocrx_word' id='word_1_77' title='bbox 983 843 1129 878; x_wconf 91' lang='lat' dir='ltr'>actum</span> <span class='ocrx_word' id='word_1_78' title='bbox 1153 841 1218 877; x_wconf 87' lang='lat' dir='ltr'>est</span> <span class='ocrx_word' id='word_1_79' title='bbox 1239 830 1316 876; x_wconf 87' lang='lat' dir='ltr'>illo</span> <span class='ocrx_word' id='word_1_80' title='bbox 1334 830 1428 887; x_wconf 79' lang='lat' dir='ltr'>die,</span> <span class='ocrx_word' id='word_1_81' title='bbox 1449 839 1500 875; x_wconf 90' lang='lat' dir='ltr'>ut</span> <span class='ocrx_word' id='word_1_82' title='bbox 1513 845 1589 874; x_wconf 88' lang='lat' dir='ltr'>va-</span> 
     </span>
     <span class='ocr_line' id='line_1_11' title="bbox 177 900 1588 967; baseline -0.004 -18"><span class='ocrx_word' id='word_1_83' title='bbox 177 903 365 949; x_wconf 87' lang='lat' dir='ltr'>letudini</span> <span class='ocrx_word' id='word_1_84' title='bbox 381 920 603 965; x_wconf 83' lang='lat' dir='ltr'>parcerem</span> <span class='ocrx_word' id='word_1_85' title='bbox 624 941 634 961; x_wconf 77' lang='grc'>,</span> <span class='ocrx_word' id='word_1_86' title='bbox 661 907 742 950; x_wconf 88' lang='lat' dir='ltr'>nisi</span> <span class='ocrx_word' id='word_1_87' title='bbox 757 905 879 967; x_wconf 90' lang='lat' dir='ltr'>quod</span> <span class='ocrx_word' id='word_1_88' title='bbox 892 914 994 950; x_wconf 89' lang='lat' dir='ltr'>ante</span> <span class='ocrx_word' id='word_1_89' title='bbox 1009 920 1185 950; x_wconf 83' lang='lat' dir='ltr'>coenam</span> <span class='ocrx_word' id='word_1_90' title='bbox 1210 919 1312 948; x_wconf 89' lang='lat' dir='ltr'>cum</span> <span class='ocrx_word' id='word_1_91' title='bbox 1333 902 1436 963; x_wconf 86' lang='lat' dir='ltr'>ipsis</span> <span class='ocrx_word' id='word_1_92' title='bbox 1455 900 1588 946; x_wconf 78' lang='lat' dir='ltr'>dimi-</span> 
     </span>
     <span class='ocr_line' id='line_1_12' title="bbox 180 971 1590 1039; baseline -0.004 -18"><span class='ocrx_word' id='word_1_93' title='bbox 180 975 303 1021; x_wconf 91' lang='lat' dir='ltr'>dium</span> <span class='ocrx_word' id='word_1_94' title='bbox 320 976 530 1022; x_wconf 86' lang='lat' dir='ltr'>volumen</span> <span class='ocrx_word' id='word_1_95' title='bbox 549 977 719 1038; x_wconf 81' lang='lat' dir='ltr'>Virgilii</span> <span class='ocrx_word' id='word_1_96' title='bbox 741 977 892 1022; x_wconf 88' lang='lat' dir='ltr'>audire</span> <span class='ocrx_word' id='word_1_97' title='bbox 908 976 1107 1039; x_wconf 85' lang='lat' dir='ltr'>quotidie</span> <span class='ocrx_word' id='word_1_98' title='bbox 1129 975 1281 1021; x_wconf 90' lang='lat' dir='ltr'>solitus</span> <span class='ocrx_word' id='word_1_99' title='bbox 1312 991 1431 1020; x_wconf 91' lang='lat' dir='ltr'>eram</span> <span class='ocrx_word' id='word_1_100' title='bbox 1444 1010 1454 1030; x_wconf 83' lang='lat'>‚</span> <span class='ocrx_word' id='word_1_101' title='bbox 1475 971 1590 1018; x_wconf 82' lang='lat' dir='ltr'>nihil</span> 
     </span>
     <span class='ocr_line' id='line_1_13' title="bbox 180 1045 1586 1111; baseline -0.003 -19"><span class='ocrx_word' id='word_1_102' title='bbox 180 1048 307 1093; x_wconf 88' lang='lat' dir='ltr'>nobis</span> <span class='ocrx_word' id='word_1_103' title='bbox 328 1048 496 1110; x_wconf 89' lang='lat' dir='ltr'>ubique</span> <span class='ocrx_word' id='word_1_104' title='bbox 514 1048 636 1094; x_wconf 86' lang='lat' dir='ltr'>aliud</span> <span class='ocrx_word' id='word_1_105' title='bbox 658 1064 793 1111; x_wconf 89' lang='lat' dir='ltr'>quam</span> <span class='ocrx_word' id='word_1_106' title='bbox 810 1064 958 1094; x_wconf 86' lang='lat' dir='ltr'>rerum</span> <span class='ocrx_word' id='word_1_107' title='bbox 980 1047 1167 1093; x_wconf 90' lang='lat' dir='ltr'>modum</span> <span class='ocrx_word' id='word_1_108' title='bbox 1189 1045 1586 1093; x_wconf 85' lang='lat' dir='ltr'>considerantibus.</span> 
     </span>
     <span class='ocr_line' id='line_1_14' title="bbox 180 1116 1588 1183; baseline -0.004 -17"><span class='ocrx_word' id='word_1_109' title='bbox 180 1124 322 1175; x_wconf 89' lang='lat' dir='ltr'>Quem</span> <span class='ocrx_word' id='word_1_110' title='bbox 340 1138 431 1166; x_wconf 91' lang='lat' dir='ltr'>non</span> <span class='ocrx_word' id='word_1_111' title='bbox 442 1121 636 1182; x_wconf 38' lang='lat' dir='ltr'>probare*</span> <span class='ocrx_word' id='word_1_112' title='bbox 646 1137 776 1167; x_wconf 87' lang='lat' dir='ltr'>nemo</span> <span class='ocrx_word' id='word_1_113' title='bbox 793 1131 958 1183; x_wconf 77' lang='lat' dir='ltr'>potest,</span> <span class='ocrx_word' id='word_1_114' title='bbox 978 1123 1138 1167; x_wconf 85' lang='lat' dir='ltr'>sentire</span> <span class='ocrx_word' id='word_1_115' title='bbox 1152 1131 1299 1166; x_wconf 89' lang='lat' dir='ltr'>autem</span> <span class='ocrx_word' id='word_1_116' title='bbox 1311 1157 1331 1177; x_wconf 77' lang='lat'>‚.</span> <span class='ocrx_word' id='word_1_117' title='bbox 1348 1135 1450 1165; x_wconf 92' lang='lat' dir='ltr'>cum</span> <span class='ocrx_word' id='word_1_118' title='bbox 1465 1116 1588 1178; x_wconf 89' lang='lat' dir='ltr'>quis-</span> 
     </span>
     <span class='ocr_line' id='line_1_15' title="bbox 181 1189 1586 1256; baseline -0.004 -18"><span class='ocrx_word' id='word_1_119' title='bbox 181 1210 268 1255; x_wconf 83' lang='lat' dir='ltr'>que</span> <span class='ocrx_word' id='word_1_120' title='bbox 290 1193 459 1256; x_wconf 87' lang='lat' dir='ltr'>aliquid</span> <span class='ocrx_word' id='word_1_121' title='bbox 472 1194 668 1240; x_wconf 88' lang='lat' dir='ltr'>studiose</span> <span class='ocrx_word' id='word_1_122' title='bbox 685 1195 797 1256; x_wconf 76' lang='lat' dir='ltr'>agit,</span> <span class='ocrx_word' id='word_1_123' title='bbox 815 1193 1128 1239; x_wconf 80' lang='lat' dir='ltr'>difficillimum</span> <span class='ocrx_word' id='word_1_124' title='bbox 1151 1203 1284 1252; x_wconf 80' lang='lat' dir='ltr'>atque</span> <span class='ocrx_word' id='word_1_125' title='bbox 1301 1189 1586 1235; x_wconf 86' lang='lat' dir='ltr'>rarissimum.</span> 
     </span>
    </p>
   </div>
   <div class='ocr_carea' id='block_1_3' title="bbox 699 1499 1064 1552">
    <p class='ocr_par' dir='ltr' id='par_1_3' title="bbox 699 1499 1064 1552">
     <span class='ocr_line' id='line_1_16' title="bbox 699 1499 1064 1552; baseline -0.003 0"><span class='ocrx_word' id='word_1_126' title='bbox 699 1499 919 1552; x_wconf 88' lang='lat' dir='ltr'><strong>CAPUT</strong></span> <span class='ocrx_word' id='word_1_127' title='bbox 976 1502 1064 1551; x_wconf 88' lang='lat' dir='ltr'>IX.</span> 
     </span>
    </p>
   </div>
   <div class='ocr_carea' id='block_1_4' title="bbox 727 1639 1035 1674">
    <p class='ocr_par' dir='ltr' id='par_1_4' title="bbox 727 1639 1035 1674">
     <span class='ocr_line' id='line_1_17' title="bbox 727 1639 1035 1674; baseline 0 -1"><span class='ocrx_word' id='word_1_128' title='bbox 727 1639 969 1674; x_wconf 82' lang='lat' dir='ltr'><strong>DISPUTATIO</strong></span> <span class='ocrx_word' id='word_1_129' title='bbox 995 1640 1035 1673; x_wconf 91' lang='grc' dir='ltr'>Π.</span> 
     </span>
    </p>
   </div>
   <div class='ocr_carea' id='block_1_5' title="bbox 604 1770 1173 1820">
    <p class='ocr_par' dir='ltr' id='par_1_5' title="bbox 604 1770 1173 1820">
     <span class='ocr_line' id='line_1_18' title="bbox 604 1770 1173 1820; baseline -0.004 -1"><span class='ocrx_word' id='word_1_130' title='bbox 604 1771 737 1819; x_wconf 81' lang='lat' dir='ltr'>Ordo</span> <span class='ocrx_word' id='word_1_131' title='bbox 764 1770 868 1819; x_wconf 67' lang='lat' dir='ltr'>cluse</span> <span class='ocrx_word' id='word_1_132' title='bbox 899 1770 972 1819; x_wconf 79' lang='lat' dir='ltr'>ad</span> <span class='ocrx_word' id='word_1_133' title='bbox 997 1772 1173 1820; x_wconf 75' lang='lat' dir='ltr'>Deum.</span> 
     </span>
    </p>
   </div>
   <div class='ocr_carea' id='block_1_6' title="bbox 191 1909 1601 2670">
    <p class='ocr_par' dir='ltr' id='par_1_6' title="bbox 191 1909 1601 2620">
     <span class='ocr_line' id='line_1_19' title="bbox 257 1909 1597 1968; baseline -0.001 -12"><span class='ocrx_word' id='word_1_134' title='bbox 257 1912 443 1956; x_wconf 86' lang='lat' dir='ltr'>XXVII.</span> <span class='ocrx_word' id='word_1_135' title='bbox 480 1913 650 1953; x_wconf 59' lang='lat' dir='ltr'>DmNmz</span> <span class='ocrx_word' id='word_1_136' title='bbox 666 1911 1002 1968; x_wconf 66' lang='lat' dir='ltr'>postridiobone</span> <span class='ocrx_word' id='word_1_137' title='bbox 1015 1927 1144 1955; x_wconf 74' lang='lat' dir='ltr'>mane</span> <span class='ocrx_word' id='word_1_138' title='bbox 1162 1909 1323 1954; x_wconf 80' lang='lat' dir='ltr'>alacres</span> <span class='ocrx_word' id='word_1_139' title='bbox 1341 1909 1397 1954; x_wconf 87' lang='lat' dir='ltr'>ad</span> <span class='ocrx_word' id='word_1_140' title='bbox 1418 1910 1597 1955; x_wconf 87' lang='lat' dir='ltr'>solitum</span> 
     </span>
     <span class='ocr_line' id='line_1_20' title="bbox 191 1979 1594 2041; baseline -0.004 -10"><span class='ocrx_word' id='word_1_141' title='bbox 191 1985 339 2031; x_wconf 88' lang='lat' dir='ltr'>locum</span> <span class='ocrx_word' id='word_1_142' title='bbox 358 1979 666 2031; x_wconf 78' lang='lat' dir='ltr'>convenimus,</span> <span class='ocrx_word' id='word_1_143' title='bbox 691 1979 736 2023; x_wconf 89' lang='lat' dir='ltr'>in</span> <span class='ocrx_word' id='word_1_144' title='bbox 754 1995 895 2041; x_wconf 86' lang='lat' dir='ltr'>eoque</span> <span class='ocrx_word' id='word_1_145' title='bbox 920 1979 1214 2024; x_wconf 86' lang='lat' dir='ltr'>consedimus.</span> <span class='ocrx_word' id='word_1_146' title='bbox 1236 1984 1294 2024; x_wconf 90' lang='lat' dir='ltr'>Et</span> <span class='ocrx_word' id='word_1_147' title='bbox 1316 1997 1394 2039; x_wconf 82' lang='lat' dir='ltr'>ego</span> <span class='ocrx_word' id='word_1_148' title='bbox 1417 1983 1594 2027; x_wconf 85' lang='lat' dir='ltr'>attentis</span> 
     </span>
     <span class='ocr_line' id='line_1_21' title="bbox 191 2051 1597 2113; baseline -0.004 -10"><span class='ocrx_word' id='word_1_149' title='bbox 191 2058 237 2103; x_wconf 85' lang='lat' dir='ltr'>iu</span> <span class='ocrx_word' id='word_1_150' title='bbox 258 2071 330 2101; x_wconf 91' lang='lat' dir='ltr'>me</span> <span class='ocrx_word' id='word_1_151' title='bbox 372 2052 614 2099; x_wconf 87' lang='lat' dir='ltr'>ambobus:</span> <span class='ocrx_word' id='word_1_152' title='bbox 648 2051 730 2096; x_wconf 87' lang='lat' dir='ltr'>Hic</span> <span class='ocrx_word' id='word_1_153' title='bbox 760 2060 879 2107; x_wconf 83' lang='lat' dir='ltr'>esto,</span> <span class='ocrx_word' id='word_1_154' title='bbox 910 2052 1116 2112; x_wconf 63' lang='lat' dir='ltr'>inquam„</span> <span class='ocrx_word' id='word_1_155' title='bbox 1151 2051 1342 2107; x_wconf 81' lang='lat' dir='ltr'>Licenti‚</span> <span class='ocrx_word' id='word_1_156' title='bbox 1381 2062 1597 2113; x_wconf 87' lang='lat' dir='ltr'>quantum</span> 
     </span>
     <span class='ocr_line' id='line_1_22' title="bbox 192 2123 1592 2190; baseline -0.003 -16"><span class='ocrx_word' id='word_1_157' title='bbox 192 2137 340 2190; x_wconf 84' lang='lat' dir='ltr'>potes,</span> <span class='ocrx_word' id='word_1_158' title='bbox 358 2135 401 2171; x_wconf 86' lang='lat' dir='ltr'>et</span> <span class='ocrx_word' id='word_1_159' title='bbox 415 2135 466 2170; x_wconf 91' lang='lat' dir='ltr'>tu</span> <span class='ocrx_word' id='word_1_160' title='bbox 488 2123 684 2186; x_wconf 81' lang='lat' dir='ltr'>quidem,</span> <span class='ocrx_word' id='word_1_161' title='bbox 712 2123 888 2181; x_wconf 77' lang='lat' dir='ltr'>Trygeti</span> <span class='ocrx_word' id='word_1_162' title='bbox 907 2144 918 2181; x_wconf 75' lang='lat'><em>3</em></span> <span class='ocrx_word' id='word_1_163' title='bbox 936 2139 1017 2168; x_wconf 88' lang='lat' dir='ltr'>nec</span> <span class='ocrx_word' id='word_1_164' title='bbox 1035 2123 1151 2167; x_wconf 91' lang='lat' dir='ltr'>enim</span> <span class='ocrx_word' id='word_1_165' title='bbox 1170 2139 1302 2184; x_wconf 85' lang='lat' dir='ltr'>parva</span> <span class='ocrx_word' id='word_1_166' title='bbox 1330 2139 1396 2169; x_wconf 83' lang='lat' dir='ltr'>res</span> <span class='ocrx_word' id='word_1_167' title='bbox 1419 2125 1563 2184; x_wconf 81' lang='lat' dir='ltr'>agitur</span> <span class='ocrx_word' id='word_1_168' title='bbox 1582 2145 1592 2171; x_wconf 90' lang='lat'>:</span> 
     </span>
     <span class='ocr_line' id='line_1_23' title="bbox 194 2194 1597 2258; baseline -0.002 -13"><span class='ocrx_word' id='word_1_169' title='bbox 194 2200 250 2245; x_wconf 87' lang='lat' dir='ltr'>de</span> <span class='ocrx_word' id='word_1_170' title='bbox 276 2198 430 2245; x_wconf 87' lang='lat' dir='ltr'>ordine</span> <span class='ocrx_word' id='word_1_171' title='bbox 451 2196 705 2258; x_wconf 84' lang='lat' dir='ltr'>quaerimus.</span> <span class='ocrx_word' id='word_1_172' title='bbox 732 2194 849 2249; x_wconf 84' lang='lat' dir='ltr'>Quid</span> <span class='ocrx_word' id='word_1_173' title='bbox 876 2211 957 2255; x_wconf 73' lang='lat' dir='ltr'>ego</span> <span class='ocrx_word' id='word_1_174' title='bbox 978 2212 1097 2241; x_wconf 87' lang='lat' dir='ltr'>nunc</span> <span class='ocrx_word' id='word_1_175' title='bbox 1116 2195 1241 2257; x_wconf 84' lang='lat' dir='ltr'>quasi</span> <span class='ocrx_word' id='word_1_176' title='bbox 1272 2195 1316 2240; x_wconf 92' lang='lat' dir='ltr'>in</span> <span class='ocrx_word' id='word_1_177' title='bbox 1340 2196 1489 2242; x_wconf 89' lang='lat' dir='ltr'>schola</span> <span class='ocrx_word' id='word_1_178' title='bbox 1521 2197 1597 2243; x_wconf 88' lang='lat' dir='ltr'>illa</span> 
     </span>
     <span class='ocr_line' id='line_1_24' title="bbox 195 2266 1598 2331; baseline -0.003 -13"><span class='ocrx_word' id='word_1_179' title='bbox 195 2271 314 2318; x_wconf 88' lang='lat' dir='ltr'>unde</span> <span class='ocrx_word' id='word_1_180' title='bbox 337 2286 407 2315; x_wconf 89' lang='lat' dir='ltr'>me</span> <span class='ocrx_word' id='word_1_181' title='bbox 429 2285 611 2331; x_wconf 89' lang='lat' dir='ltr'>quoquo</span> <span class='ocrx_word' id='word_1_182' title='bbox 633 2267 767 2313; x_wconf 91' lang='lat' dir='ltr'>modo</span> <span class='ocrx_word' id='word_1_183' title='bbox 802 2266 985 2312; x_wconf 87' lang='lat' dir='ltr'>evasisse</span> <span class='ocrx_word' id='word_1_184' title='bbox 1015 2267 1186 2327; x_wconf 81' lang='lat' dir='ltr'>gaudeo</span> <span class='ocrx_word' id='word_1_185' title='bbox 1203 2267 1494 2326; x_wconf 79' lang='lat' dir='ltr'>constitutus,</span> <span class='ocrx_word' id='word_1_186' title='bbox 1521 2285 1598 2315; x_wconf 86' lang='lat' dir='ltr'>co-</span> 
     </span>
     <span class='ocr_line' id='line_1_25' title="bbox 196 2339 1601 2406; baseline -0.001 -18"><span class='ocrx_word' id='word_1_187' title='bbox 196 2345 316 2406; x_wconf 88' lang='lat' dir='ltr'>piose</span> <span class='ocrx_word' id='word_1_188' title='bbox 333 2352 464 2404; x_wconf 84' lang='lat' dir='ltr'>atque</span> <span class='ocrx_word' id='word_1_189' title='bbox 487 2349 639 2386; x_wconf 86' lang='lat' dir='ltr'>ornate</span> <span class='ocrx_word' id='word_1_190' title='bbox 652 2339 775 2385; x_wconf 83' lang='lat' dir='ltr'>vobis</span> <span class='ocrx_word' id='word_1_191' title='bbox 794 2339 992 2384; x_wconf 88' lang='lat' dir='ltr'>ordinem</span> <span class='ocrx_word' id='word_1_192' title='bbox 1005 2339 1182 2385; x_wconf 84' lang='lat' dir='ltr'>laudem</span> <span class='ocrx_word' id='word_1_193' title='bbox 1199 2342 1216 2384; x_wconf 69' lang='lat' dir='ltr'>P</span> <span class='ocrx_word' id='word_1_194' title='bbox 1236 2341 1432 2401; x_wconf 82' lang='lat' dir='ltr'>Accipite</span> <span class='ocrx_word' id='word_1_195' title='bbox 1449 2341 1483 2386; x_wconf 89' lang='lat' dir='ltr'>si</span> <span class='ocrx_word' id='word_1_196' title='bbox 1501 2341 1601 2387; x_wconf 89' lang='lat' dir='ltr'>vul-</span> 
     </span>
     <span class='ocr_line' id='line_1_26' title="bbox 198 2411 1600 2475; baseline -0.002 -13"><span class='ocrx_word' id='word_1_197' title='bbox 198 2417 253 2462; x_wconf 89' lang='lat' dir='ltr'>tis</span> <span class='ocrx_word' id='word_1_198' title='bbox 280 2451 290 2471; x_wconf 82' lang='lat'><strong><em>‚</em></strong></span> <span class='ocrx_word' id='word_1_199' title='bbox 315 2415 404 2459; x_wconf 91' lang='lat' dir='ltr'>imo</span> <span class='ocrx_word' id='word_1_200' title='bbox 426 2413 556 2458; x_wconf 85' lang='lat' dir='ltr'>facite</span> <span class='ocrx_word' id='word_1_201' title='bbox 578 2422 630 2457; x_wconf 91' lang='lat' dir='ltr'>ut</span> <span class='ocrx_word' id='word_1_202' title='bbox 648 2411 811 2467; x_wconf 81' lang='lat' dir='ltr'>velitis,</span> <span class='ocrx_word' id='word_1_203' title='bbox 838 2427 928 2473; x_wconf 91' lang='lat' dir='ltr'>quo</span> <span class='ocrx_word' id='word_1_204' title='bbox 953 2427 1096 2473; x_wconf 86' lang='lat' dir='ltr'>neque</span> <span class='ocrx_word' id='word_1_205' title='bbox 1119 2412 1363 2474; x_wconf 85' lang='lat' dir='ltr'>quidquam</span> <span class='ocrx_word' id='word_1_206' title='bbox 1390 2413 1444 2458; x_wconf 89' lang='lat' dir='ltr'>de</span> <span class='ocrx_word' id='word_1_207' title='bbox 1467 2414 1600 2475; x_wconf 86' lang='lat' dir='ltr'>hujus</span> 
     </span>
     <span class='ocr_line' id='line_1_27' title="bbox 198 2484 1595 2546; baseline -0.001 -13"><span class='ocrx_word' id='word_1_208' title='bbox 198 2486 330 2533; x_wconf 87' lang='lat' dir='ltr'>laude</span> <span class='ocrx_word' id='word_1_209' title='bbox 352 2485 528 2531; x_wconf 82' lang='lat' dir='ltr'>brevius</span> <span class='ocrx_word' id='word_1_210' title='bbox 544 2521 554 2539; x_wconf 83' lang='lat'>,</span> <span class='ocrx_word' id='word_1_211' title='bbox 580 2500 725 2546; x_wconf 82' lang='lat' dir='ltr'>neque</span> <span class='ocrx_word' id='word_1_212' title='bbox 747 2494 798 2529; x_wconf 88' lang='lat' dir='ltr'>ut</span> <span class='ocrx_word' id='word_1_213' title='bbox 820 2484 927 2529; x_wconf 90' lang='lat' dir='ltr'>mihi</span> <span class='ocrx_word' id='word_1_214' title='bbox 953 2484 1130 2529; x_wconf 78' lang='lat' dir='ltr'>videtur</span> <span class='ocrx_word' id='word_1_215' title='bbox 1164 2485 1308 2531; x_wconf 86' lang='lat' dir='ltr'>verius</span> <span class='ocrx_word' id='word_1_216' title='bbox 1330 2484 1415 2531; x_wconf 87' lang='lat' dir='ltr'>(lici</span> <span class='ocrx_word' id='word_1_217' title='bbox 1436 2496 1595 2546; x_wconf 84' lang='lat' dir='ltr'>potest.</span> 
     </span>
     <span class='ocr_line' id='line_1_28' title="bbox 201 2557 1596 2620; baseline -0.002 -13"><span class='ocrx_word' id='word_1_218' title='bbox 201 2559 320 2607; x_wconf 85' lang='lat' dir='ltr'>Ordo</span> <span class='ocrx_word' id='word_1_219' title='bbox 335 2567 407 2610; x_wconf 21' lang='lat' dir='ltr'>*cst</span> <span class='ocrx_word' id='word_1_220' title='bbox 428 2573 561 2620; x_wconf 85' lang='lat' dir='ltr'>quem</span> <span class='ocrx_word' id='word_1_221' title='bbox 584 2557 618 2602; x_wconf 89' lang='lat' dir='ltr'>si</span> <span class='ocrx_word' id='word_1_222' title='bbox 641 2558 909 2606; x_wconf 81' lang='lat' dir='ltr'>tenuerimus</span> <span class='ocrx_word' id='word_1_223' title='bbox 928 2558 970 2601; x_wconf 80' lang='lat' dir='ltr'>in</span> <span class='ocrx_word' id='word_1_224' title='bbox 994 2557 1079 2602; x_wconf 86' lang='lat' dir='ltr'>vita</span> <span class='ocrx_word' id='word_1_225' title='bbox 1093 2593 1104 2613; x_wconf 78' lang='lat'>,</span> <span class='ocrx_word' id='word_1_226' title='bbox 1123 2559 1335 2617; x_wconf 73' lang='lat' dir='ltr'>perducet</span> <span class='ocrx_word' id='word_1_227' title='bbox 1355 2559 1410 2603; x_wconf 87' lang='lat' dir='ltr'>ad</span> <span class='ocrx_word' id='word_1_228' title='bbox 1432 2562 1570 2604; x_wconf 68' lang='lat' dir='ltr'>Deum</span> <span class='ocrx_word' id='word_1_229' title='bbox 1585 2596 1596 2613; x_wconf 56' lang='lat'>7</span> 
     </span>
    </p>

    <p class='ocr_par' dir='ltr' id='par_1_7' title="bbox 1342 2633 1400 2670">
     <span class='ocr_line' id='line_1_29' title="bbox 1342 2633 1400 2670; baseline 0.017 -1"><span class='ocrx_word' id='word_1_230' title='bbox 1342 2633 1350 2669; x_wconf 81' lang='lat' dir='ltr'>l</span> <span class='ocrx_word' id='word_1_231' title='bbox 1369 2633 1400 2670; x_wconf 76' lang='lat' dir='ltr'>l.</span> 
     </span>
    </p>
   </div>
  </div>
 </body>
</html>
