1852 3163
636 168 759 197 LIBER
791 167 846 195 DE
878 160 1012 194 BEATA
1044 160 1161 190 vim.
1507 149 1589 187 119

195 249 245 284 ut
267 239 423 284 beatus
445 237 500 281 sit
524 235 732 297 quisque,
757 230 867 294 quid
886 229 999 275 velle
1027 228 1211 283 debeat,
1236 240 1280 270 ct
1303 241 1491 287 quarum
1521 240 1591 269 re-

195 327 290 356 rum
314 326 416 355 eum
430 315 630 370 oporteat
646 306 808 350 habere
821 300 1102 348 desiderium.
1120 298 1262 343 Invita
1276 314 1345 341 me
1359 334 1369 353 ‚
1385 298 1565 358 inquam
1579 333 1590 354 ,

192 381 329 428 natali
351 392 444 437 tuo,
461 377 639 441 quando
662 373 933 436 dignaberis3
950 369 1167 434 quidquid
1181 369 1432 430 apposueris
1446 368 1592 413 libem--

191 464 259 499 ter
280 469 466 499 sumam.
502 454 600 505 Qua
637 447 890 494 conditione
910 443 1044 490 hodie
1071 440 1191 503 apud
1227 456 1299 485 me
1327 448 1378 484 ut
1406 439 1594 500 epuleris

191 536 321 588 peto,
347 541 429 571 nec
452 523 622 584 flagites
650 519 773 583 quod
799 518 979 564 fortasse
1007 532 1099 561 non
1121 523 1185 559 est
1204 522 1423 574 paratum.
1451 514 1594 565 Quem

192 614 296 643 cum
318 595 529 642 modestae
553 610 603 639 ac
623 590 887 639 verecundae
909 585 1263 635 commonitionis
1291 600 1379 629 suae
1401 583 1596 645 poenite-

191 679 280 715 ret:
295 672 414 729 Ergo
432 666 545 712 illud
558 702 569 723 ,
585 666 770 727 inquam
781 699 792 720 ‚
813 661 1020 708 convenit
1032 661 1146 704 inter
1162 674 1241 703 nos
1253 694 1264 714 ‚
1282 672 1425 718 neque
1439 671 1596 718 quem-

191 757 326 804 quam
335 742 516 786 beatum
534 754 623 784 esse
642 752 768 799 posse
783 772 794 794 7
806 736 885 797 qui
902 732 1025 798 qnod
1037 731 1136 779 vult
1159 747 1251 777 non
1271 729 1408 774 habet
1423 748 1431 774 :
1449 743 1596 790 neque

191 828 367 860 omnem
391 812 469 875 qui
490 810 613 873 quod
629 809 726 857 vult
745 808 907 864 habet,
931 807 1115 852 beatum
1131 804 1247 850 esse?
1259 800 1503 848 Dederunt.

227 1033 365 1101 Quid
385 1034 488 1094 ,sibi
516 1033 662 1081 homo
690 1047 984 1095 comparare
1014 1028 1158 1077 debet
1188 1039 1241 1076 zet
1269 1031 1333 1077 sit
1364 1029 1550 1078 beatas.

246 1156 328 1200 XI.
365 1156 483 1208 Qum
501 1151 616 1198 illud
631 1188 642 1210 ‚
668 1153 874 1214 inquam,
899 1150 1165 1208 conceditis,
1190 1166 1370 1196 omnem
1391 1152 1470 1214 qui
1490 1150 1598 1198 bea-

189 1237 260 1273 tus
278 1242 369 1273 non
386 1234 472 1282 est,
497 1224 707 1270 miserum
731 1240 819 1269 esse
833 1226 851 1269 P
865 1226 965 1270 Non
987 1222 1318 1269 dubitaverunt.
1336 1223 1490 1268 Omnis
1512 1224 1601 1284 igi-

188 1310 285 1357 tur,
306 1300 489 1362 inquam
505 1335 516 1355 ,
533 1299 611 1360 qui
629 1297 751 1360 quod
768 1296 864 1343 vult
885 1313 976 1342 non
988 1296 1126 1341 habet
1138 1332 1149 1353 ‚
1164 1297 1298 1342 miser
1314 1297 1405 1341 est?
1428 1295 1600 1342 Placuit

188 1373 411 1419 omnibus.
435 1371 554 1425 Quid
577 1387 680 1431 ergo
698 1369 780 1415 sibi
802 1371 937 1414 homo
966 1384 1221 1429 comparare
1239 1368 1397 1425 debet,
1419 1379 1470 1413 ut
1492 1368 1600 1416 bea-

187 1453 258 1490 tus
280 1444 334 1489 sit
348 1480 360 1501 ‚
385 1444 593 1504 inquam?
612 1446 744 1487 Forte
758 1441 876 1486 enim
893 1442 1024 1486 etiam
1041 1441 1126 1485 hoc
1138 1441 1208 1485 isti
1225 1450 1376 1485 nostro
1394 1442 1600 1487 convivio

188 1515 596 1562 subministrabitur
611 1550 622 1571 ,
639 1530 694 1558 ne
718 1512 904 1559 Licentii
927 1511 1111 1558 aviditas
1133 1511 1406 1571 negligatur:
1426 1529 1529 1557 nam
1551 1513 1599 1558 id

189 1588 347 1649 opinor
369 1591 408 1632 ei
425 1585 773 1647 comparandum
798 1594 886 1641 est,
913 1583 1035 1645 quod
1068 1599 1169 1628 cum
1188 1583 1307 1640 vult,
1328 1584 1477 1629 habet.
1501 1587 1599 1630 Ma-

190 1658 399 1705 nifestum
408 1674 498 1703 esse
511 1657 733 1702 dixerunt.
756 1657 811 1701 Id
832 1671 934 1715 ergo
948 1691 959 1711 ‚
979 1656 1161 1717 inquam
1174 1691 1185 1712 ,
1205 1671 1378 1716 semper
1393 1671 1594 1714 manens,

189 1748 270 1778 nec
290 1747 342 1776 ex
357 1731 537 1777 fortuna
550 1729 799 1791 pendulum
814 1764 826 1785 ‚
846 1744 928 1774 nec
941 1727 1043 1773 ullis
1056 1728 1305 1790 subjectum
1322 1729 1494 1774 casibus
1507 1745 1600 1775 esse

189 1804 337 1849 debet.
362 1805 474 1850 Nam
486 1801 709 1864 quidquid
729 1800 916 1847 mortale
928 1810 973 1846 et
993 1800 1214 1846 caducum
1234 1809 1299 1845 est
1311 1835 1323 1858 ‚
1345 1817 1436 1846 non
1451 1811 1597 1862 potest

189 1893 213 1921 a
237 1876 365 1921 nobis
385 1873 567 1937 quando
608 1873 814 1920 volumus
834 1909 845 1929 ,
876 1882 921 1918 et
949 1872 1151 1934 quandiu
1169 1872 1398 1930 volumus,
1424 1873 1595 1919 haberi.

188 1946 724 1993 Assentiebanturomnes.
749 1944 834 1990 Sed
850 1944 1083 2004 Trygetius
1102 1966 1114 2004 3
1132 1944 1446 2007 Sunt‚inquit,
1467 1944 1598 1991 multi

190 2018 431 2074 fortunati,
459 2018 537 2079 qui
559 2032 629 2061 eas
650 2017 763 2077 ipsas
785 2031 852 2061 res
875 2015 1050 2075 fragiles
1073 2017 1337 2078 casibusque
1358 2017 1595 2078 subjectas,

190 2100 338 2135 tamen
351 2089 566 2151 jocundas
578 2105 657 2150 pro
670 2089 753 2133 hac
765 2089 855 2134 vita
867 2088 1092 2134 cumulate
1104 2089 1314 2151 largeque
1325 2089 1593 2150 possideant,

190 2178 272 2207 nec
290 2161 535 2224 quidquam
556 2160 641 2206 illis
665 2176 817 2206 eorum
833 2177 933 2222 quae
948 2160 1107 2206 volunt
1129 2159 1255 2208 desit.
1277 2162 1361 2207 Cui
1384 2177 1487 2221 ego:
1509 2164 1596 2217 Qui

192 2235 332 2290 timet,
355 2234 554 2295 inquam⁷
575 2232 826 2279 videtur-ne
848 2233 927 2277 tibi
953 2233 1107 2278 beatus
1131 2235 1247 2278 esse?
1266 2236 1365 2280 Non
1389 2233 1564 2279 videtur
1580 2271 1592 2292 ‚

192 2306 352 2366 inquit.
370 2307 488 2365 Ergo
507 2304 628 2366 quod
646 2314 763 2350 amat
780 2305 965 2366 quisque
989 2305 1022 2349 si
1040 2305 1238 2350 amittere
1255 2315 1413 2365 potest,
1432 2316 1596 2366 potest-

197 2393 253 2421 ne
277 2393 367 2421 non
386 2377 566 2421 timere?
580 2380 679 2423 Non
692 2386 859 2436 potest7
885 2376 1046 2436 inquit.
1060 2377 1218 2421 Amitti
1241 2386 1388 2421 autem
1411 2393 1490 2437 pos
1500 2388 1605 2422 sunt

193 2448 267 2493 illa
290 2448 484 2494 fortuita.
509 2452 608 2495 Non
630 2450 765 2508 igitur
786 2450 881 2493 hoec
904 2448 980 2509 qui
1003 2457 1120 2492 amat
1143 2458 1187 2492 et
1208 2448 1425 2508 possidet,
1450 2459 1596 2510 potest

194 2519 286 2566 ullo
308 2519 441 2565 modo
459 2520 612 2565 beatus
634 2536 739 2564 esse.
765 2519 883 2565 Nihil
906 2520 1180 2578 repugnavit.
1209 2522 1302 2564 Hoc
1331 2519 1428 2564 loco
1447 2530 1592 2565 autem
