1852 3163
235 252 316 290 218
450 261 484 289 S·
521 257 751 288 AUGUSTINI
783 258 966 288 EPISCOPI
995 259 1051 286 DE
1085 259 1246 286 ORDINE
1281 259 1371 287 ETC.

233 327 402 372 animus
436 324 622 371 delectat
646 333 778 385 atque
800 325 972 370 excitat.
998 326 1055 369 Et
1087 323 1201 369 bene
1223 323 1345 385 quod
1381 325 1421 369 ei
1449 324 1622 369 mittere

232 397 461 443 statuimus
482 396 559 442 has
588 396 774 451 litteraS,
801 395 876 457 qui
899 395 953 439 de
975 395 1102 441 nobis
1134 395 1243 441 solet
1266 396 1456 441 libenter
1479 395 1617 441 multa

231 469 421 515 mentiri.
456 469 499 515 Si
529 469 605 530 qui
633 477 781 513 autem
818 466 890 511 alii
922 466 1100 512 fortasse
1135 468 1343 527 legerint,
1364 483 1510 530 neque
1541 468 1622 514 hos

231 552 408 597 metuo,
435 556 489 586 ne
513 540 591 585 tibi
627 548 923 585 succenseant.
948 539 1055 594 Quis
1077 539 1193 585 enim
1216 542 1398 586 amantis
1422 540 1558 585 errori
1578 540 1625 584 in

229 611 469 675 judicando
506 627 596 656 non
635 601 1045 656 benevolentissime
1078 610 1304 669 ignoscat?
1325 611 1456 666 Quod
1478 620 1624 656 autem

234 686 498 744 Pythagorae
519 683 788 728 mentionem
811 681 976 738 fecisti,
1001 682 1147 727 nescio
1168 698 1258 744 quo
1281 682 1357 729 illo
1379 683 1529 728 divino
1552 699 1625 728 or-

235 757 338 802 dine
374 755 549 802 occulto
582 756 663 800 tibi
700 755 746 799 111
776 763 967 799 mentem
1007 754 1176 799 venisse
1198 754 1370 800 ered01.
1398 758 1481 800 Res
1511 755 1627 800 enim

231 827 423 874 multum
446 827 681 873 necessaria
703 825 810 870 mihi
842 841 1018 886 prorsus
1041 824 1282 881 exciderat,
1309 841 1442 887 quam
1472 826 1517 870 in
1549 824 1626 871 illo

230 901 323 946 viro
346 901 404 959 (si
438 899 546 961 quid
569 898 722 943 litteris
744 898 967 942 memoriae
988 897 1205 943 mandatis
1243 897 1515 942 credendum
1532 906 1618 953 est⁷

230 972 427 1034 quamvis
454 971 639 1016 Varroni
662 969 759 1031 quis
781 985 871 1014 11011
890 968 1091 1025 credatP)
1114 969 1262 1014 mirari
1281 978 1324 1014 et
1345 984 1460 1029 pene
1478 964 1627 1030 quoti-

233 1043 394 1097 dianis,
426 1051 476 1088 ut
511 1042 615 1097 sciS‚
651 1040 806 1085 efferre
834 1039 1040 1084 laudibus
1077 1039 1221 1096 soleo,
1256 1039 1378 1101 quod
1421 1039 1628 1099 regendae

233 1113 489 1175 reipublicae
511 1112 786 1174 disciplinam
807 1112 894 1156 suis
915 1111 1188 1157 auditoribus
1211 1111 1412 1156 ultimam
1427 1110 1630 1156 tradebat

229 1188 320 1248 jam
343 1183 504 1240 doctis,
521 1186 612 1245 jam
648 1183 879 1244 perfectis,
895 1184 987 1243 jam
1024 1181 1319 1243 sapientibus,
1341 1182 1430 1242 jam
1469 1181 1625 1226 beatis.

237 1260 397 1302 Tantos
420 1255 483 1299 ibi
512 1255 628 1300 enim
646 1254 807 1300 fluctus
821 1253 998 1299 videbat
1014 1289 1024 1310 ‚
1040 1263 1092 1299 ut
1112 1254 1171 1298 eis
1195 1253 1334 1299 nollet
1355 1253 1629 1298 committere

232 1327 316 1372 nisi
336 1327 503 1382 virum,
529 1326 663 1387 quiet
679 1325 726 1369 in
748 1324 939 1384 regendo
961 1340 1074 1385 pene
1089 1323 1237 1369 divine
1259 1322 1460 1384 scopulos
1484 1323 1625 1369 evita-

234 1409 324 1454 ret,
351 1408 395 1443 et
415 1398 448 1443 si
467 1397 613 1443 omnia
635 1395 895 1442 defecissent
909 1431 919 1451 ⁷
945 1396 1036 1456 ipse
1052 1394 1136 1440 illis
1156 1396 1365 1440 fluctibus
1388 1395 1510 1455 quasi
1532 1410 1631 1440 sco-

234 1470 366 1532 pulus
389 1471 526 1515 fieret.
549 1472 612 1515 De
635 1468 726 1514 5010
755 1467 871 1513 enim
897 1468 1091 1528 sapiente
1107 1468 1327 1514 verissime
1345 1466 1432 1512 dici
1453 1475 1624 1529 potest,

464 1555 520 1589 Ille
537 1554 624 1589 velut
640 1554 743 1599 pelagi
762 1565 856 1597 rupes
874 1554 1003 1586 immota
1015 1553 1156 1586 resistitx
1171 1567 1177 1585 :

235 1626 295 1670 Et
326 1631 482 1668 caetera
509 1638 609 1684 quae
635 1620 868 1666 luculentis
902 1619 949 1666 111
982 1620 1097 1664 hanc
1136 1620 1397 1664 sententiam
1432 1619 1631 1665 versibus

236 1694 353 1739 dicta
385 1702 502 1758 sunt.
542 1692 623 1737 Hic
659 1692 756 1736 finis
791 1689 1096 1750 disputationis
1133 1689 1275 1735 factus
1305 1700 1396 1746 est,
1432 1690 1631 1752 laetisque

237 1765 441 1811 omnibus
470 1773 513 1809 et
542 1762 734 1808 multum
766 1760 1040 1822 sperantibus
1075 1777 1323 1806 consessum
1361 1761 1627 1808 dimisimus:

240 1853 342 1883 cum
357 1838 447 1898 jam
466 1845 734 1881 nocturnum
757 1833 907 1878 lumen
929 1831 1080 1878 fuisset
1096 1832 1284 1878 illatum.

289 1942 298 1958 ¹
323 1947 333 1965 1
353 1937 495 1967 Itetract.
515 1944 588 1976 cap.
609 1943 658 1976 ¹¹¹7
678 1943 710 1964 n.
738 1931 769 1964 3.
787 1948 828 1954 -
846 1937 858 1954 ²
878 1930 962 1972 Yirg.
978 1929 1103 1962 AEncid.
1124 1941 1178 1963 vn.
