1852 3163
668 171 722 199 DE
756 170 917 198 ORDINE
950 167 1031 197 ΜΒ.
1068 171 1117 195 11.
1513 154 1595 195 195

200 237 322 301 quali
340 239 430 285 vita
452 252 544 283 esse
585 236 737 282 docilis
771 235 908 297 possit
922 269 934 291 ,
969 234 1115 279 evenit
1154 241 1206 277 ut
1236 231 1442 277 omnibus
1486 232 1604 277 bona

199 326 359 370 magna
391 320 436 355 et
466 308 638 355 occulta
672 307 836 353 discere
857 305 1159 366 cupientibus,
1200 319 1292 348 non
1321 304 1485 363 aperiat
1521 302 1604 347 nisi

201 381 439 426 auctoritas
459 381 824 441 januamaeQuam
847 377 1031 439 quisque
1053 376 1272 436 ingressus
1295 374 1388 419 sine
1405 374 1497 419 ulla
1518 374 1604 419 du-

201 453 413 498 bitatione
433 452 536 497 vitae
559 451 736 511 optimae
769 458 990 511 praecepta
1020 457 1211 493 sectatur
1237 467 1246 493 ;
1278 462 1355 508 per
1376 462 1477 508 quae
1499 462 1603 492 cum

201 525 356 571 docilis
374 523 516 569 factus
538 522 691 579 suerit,
716 532 812 568 tum
831 521 1012 567 demum
1032 521 1171 566 discet
1188 529 1232 564 et
1248 528 1414 581 quanta
1435 518 1604 564 ratione

202 595 389 658 praedita
412 596 499 640 sint
521 611 570 640 ea
594 596 707 656 ipsa,
733 610 834 656 quae
864 602 1039 638 secutus
1072 601 1137 637 est
1164 600 1266 636 ante
1295 590 1540 649 rationem,
1565 598 1610 634 et

203 668 313 731 quid
335 667 390 713 sit
410 667 503 728 ipsa
525 667 634 712 ratio
651 682 787 728 quam
804 675 904 727 post
925 663 1195 710 auctoritatis
1213 661 1436 708 cunabula
1453 663 1607 707 firmus

204 750 248 786 et
275 739 460 785 idoneus
483 741 576 801 jam
609 739 811 800 sequitur
847 747 979 799 atque
1021 734 1382 797 comprehendit,
1425 743 1469 779 et
1500 732 1611 796 quid

205 811 470 867 intellectus,
486 811 533 855 in
550 827 639 872 quo
658 810 859 855 universa
879 818 982 854 sunt
995 844 1006 865 ,
1028 807 1100 854 vel
1114 809 1205 869 ipse
1221 807 1368 868 potius
1381 806 1607 864 universa,

203 893 250 929 et
262 882 368 945 quid
382 892 541 944 praeter
555 882 756 928 universa
771 882 1075 927 universorum
1091 880 1372 940 principium.
1390 879 1463 925 Ad
1475 894 1611 940 quam

204 956 504 1016 cognitionem
521 955 568 999 in
581 955 662 1000 hac
687 955 774 1000 vita
792 954 1020 1015 pervenire
1037 953 1194 1014 pauci,
1213 952 1330 997 ultra
1348 967 1485 1013 quam
1505 966 1611 996 vero

206 1028 337 1073 etiam
361 1036 461 1088 post
480 1027 596 1072 hanc
624 1026 761 1072 vitam
783 1042 914 1071 nenio
936 1025 1141 1086 progredi
1161 1034 1320 1086 potest.
1342 1024 1430 1078 Qui
1463 1032 1612 1068 autem

207 1098 296 1146 sola
321 1099 579 1145 auctoritate
597 1099 818 1154 contenti,
836 1097 963 1143 bonis
978 1107 1153 1142 tantum
1174 1097 1371 1143 moribus
1393 1096 1613 1157 rectisque

207 1171 320 1217 votis
342 1179 596 1217 constanter
614 1185 792 1230 operam
815 1169 1040 1225 dederint,
1063 1178 1138 1213 aut
1155 1177 1486 1214 contemnentes
1500 1203 1511 1224 ,
1538 1176 1616 1212 aut

208 1259 301 1289 non
315 1242 512 1289 valentes
534 1241 775 1303 disciplinis
792 1240 1050 1286 liberalibus
1068 1249 1200 1301 atque
1223 1239 1398 1301 optimis
1420 1238 1608 1295 erudiri,

209 1316 362 1361 beatos
383 1331 456 1360 eos
484 1314 691 1376 quidem,
736 1328 840 1358 cum
862 1312 976 1357 inter
1013 1313 1214 1358 homines
1236 1313 1420 1369 vivunt,
1466 1312 1615 1358 nescio

210 1386 436 1450 quomodo
459 1378 699 1447 appellem,
726 1393 874 1429 tamen
894 1384 1153 1430 inconcusse
1179 1384 1312 1430 credo
1333 1400 1436 1430 mox
1456 1393 1507 1430 ut
1530 1384 1616 1430 hoc

209 1474 367 1520 corpus
381 1456 639 1518 reliquerint
652 1492 663 1512 ,
681 1472 753 1501 eos
768 1472 858 1517 quo
873 1456 987 1501 bene
1007 1457 1146 1517 magis
1163 1457 1364 1502 minusve
1380 1457 1588 1503 vixerunt
1599 1492 1611 1513 ,

212 1548 264 1578 eo
286 1530 456 1576 facilius
479 1539 555 1575 aut
576 1528 800 1574 difficilius
822 1528 1016 1574 liberari.

272 1605 461 1647 XXVII.
496 1600 744 1646 Auctoritas
777 1610 924 1645 autem
956 1600 1115 1661 partim
1149 1600 1298 1646 divina
1335 1611 1420 1658 est,
1457 1602 1619 1663 partim

212 1676 407 1720 humana
434 1691 443 1718 ε
469 1672 546 1717 sed
564 1687 683 1727 vera,
713 1672 863 1727 firma,
899 1687 1069 1716 summa
1090 1681 1155 1716 est
1175 1689 1276 1733 quae
1298 1672 1446 1718 divina
1474 1675 1620 1719 nomi-

213 1756 359 1792 natur.
386 1749 440 1791 In
453 1761 542 1806 qua
561 1744 801 1789 metuenda
818 1752 882 1789 est
904 1743 1123 1789 aeriorum
1140 1744 1396 1789 animalium
1409 1745 1520 1791 mira
1539 1745 1619 1791 fal-

215 1817 341 1874 lacia,
358 1832 458 1878 quae
470 1831 549 1876 per
566 1831 714 1860 rerum
728 1814 785 1860 ad
801 1815 905 1860 istos
924 1817 1074 1860 sensus
1089 1815 1282 1875 corporis
1300 1816 1622 1876 pertinentium

217 1888 431 1952 quasdam
448 1887 740 1933 divinationes
756 1923 766 1943 ,
803 1885 1131 1948 nonnullasque
1158 1888 1376 1947 potentias
1416 1888 1619 1951 decipere

219 1960 386 2006 animas
409 1958 616 2004 facillime
629 1967 898 2003 consuerunt
909 1994 919 2012 ,
941 1967 1018 2003 aut
1029 1959 1326 2018 periturarum
1338 1958 1621 2007 fortunarum

218 2032 432 2087 curiosas,
459 2039 536 2075 aut
556 2029 778 2090 fragilium
799 2028 980 2090 cupidas
1003 2038 1294 2090 potestatum,
1320 2041 1397 2076 aut
1418 2020 1619 2078 inanium

218 2102 523 2150 formidolosas
560 2100 891 2146 miraculorum.
934 2100 1015 2145 Illa
1052 2117 1156 2161 ergo
1195 2103 1431 2149 auctoritas
1472 2104 1622 2151 divina

220 2174 408 2220 dicenda
429 2183 515 2231 est,
545 2190 647 2235 quae
668 2189 759 2219 non
782 2171 924 2218 solum
945 2173 991 2217 in
1029 2172 1308 2220 sensibilibus
1330 2175 1460 2235 signis
1481 2186 1624 2222 trans-

220 2247 371 2293 cendit
392 2261 569 2291 omnem
582 2246 822 2291 humanam
835 2244 1095 2290 facultatem
1111 2281 1122 2302 ,
1144 2246 1221 2291 sed
1244 2256 1287 2292 et
1308 2247 1453 2308 ipsum
1473 2249 1622 2294 homi-

222 2335 326 2364 nem
344 2333 495 2378 agens,
527 2317 718 2363 ostendit
760 2317 799 2362 ei
837 2333 1067 2379 quousque
1104 2334 1149 2363 se
1170 2330 1349 2379 propter
1380 2321 1523 2381 ipsum
1545 2324 1625 2367 de-

223 2390 427 2452 presserit
452 2409 462 2436 :
485 2399 529 2435 et
561 2405 652 2435 non
674 2388 815 2434 teneri
852 2388 1073 2445 sensibus,
1118 2389 1283 2451 quibus
1311 2390 1517 2437 videntur
1549 2393 1626 2439 illa

226 2460 442 2517 miranda,
458 2460 534 2506 sed
548 2460 604 2506 ad
621 2460 891 2522 intellectum
907 2459 1034 2520 jubet
1045 2460 1215 2506 evolare
1233 2482 1241 2506 ε
1267 2461 1398 2507 simul
1415 2463 1622 2511 demons-

229 2543 346 2579 trans
368 2543 412 2579 ct
433 2542 599 2595 quanta
624 2533 698 2578 hic
733 2532 893 2593 possit,
927 2541 970 2577 ct
991 2548 1069 2577 cur
1102 2533 1196 2578 haec
1218 2532 1371 2590 faciat,
1410 2545 1454 2581 ct
1491 2554 1625 2597 quam

1349 2609 1412 2647 1'3.
