1888 3168
318 201 401 240 330
749 209 782 237 s.
818 209 1048 239 Avensa-mx
1081 211 1260 240 Emscom

318 275 631 338 requirendum
665 276 809 323 animo
842 277 1038 322 haeserat.
1072 280 1133 322 M.
1161 280 1335 325 Poterat
1367 282 1546 328 omnino
1576 283 1699 329 nulla

315 348 370 394 de
393 349 476 393 hoc
497 347 633 393 verbo
660 348 950 394 controversia
971 348 1079 405 fieri,
1105 358 1156 393 ut
1176 349 1267 410 jam
1290 350 1500 396 musicam
1527 353 1699 400 sublato

315 435 366 464 eo
389 418 510 480 quod
530 419 721 480 positum
744 428 830 475 est,
854 419 968 464 bene
989 428 1163 465 tantum
1194 420 1420 467 scientiam
1441 422 1699 470 modulandi

316 490 626 536 definiremus?
648 494 699 537 D.
733 490 838 543 Quis
865 489 983 535 enim
1013 489 1146 546 ferat,
1181 492 1217 537 si
1249 492 1438 539 enodare
1466 503 1611 540 totum
1638 495 1699 540 vita

315 561 420 607 velis
433 563 450 606 Ρ
461 564 523 607 Μ.
539 561 704 607 Musica
717 570 783 606 est
801 561 979 606 scientia
997 560 1110 606 bene
1127 565 1348 610 movendi.
1367 564 1452 612 Sed
1468 565 1572 626 quia
1587 565 1700 610 bene

314 633 479 679 moveri
494 635 586 695 jam
608 634 694 679 dici
714 643 878 694 potest,
899 632 1119 695 quidquid
1137 651 1368 682 numerose
1391 638 1569 684 servatis
1588 647 1699 684 tem-

312 720 471 764 porum
494 714 626 765 atque
648 703 978 750 intervallorum
1003 703 1348 754 dimensionibus
1368 718 1592 768 movetur3
1611 711 1701 770 jam

313 777 431 823 enim
457 776 668 832 delectat,
690 785 734 821 et
761 775 818 821 ob
840 777 924 822 hoc
957 776 1198 823 modulatio
1228 794 1319 824 non
1346 779 1587 841 incongrue
1609 782 1700 842 jam

313 858 519 894 vocatur:
543 849 637 893 fieri
657 858 802 894 autem
824 858 984 909 potest,
1006 858 1055 894 ut
1076 849 1158 895 ista
1177 851 1463 897 numerositas
1485 861 1618 912 atque
1639 852 1703 897 di-

312 919 478 964 mensio
500 919 703 976 delectet,
728 920 907 981 quando
927 936 1018 966 non
1039 936 1148 981 opus
1176 931 1266 979 est3
1287 931 1338 967 ut
1360 922 1393 966 si
1419 922 1514 983 quis
1537 923 1702 968 suavis-

311 991 417 1036 sime
447 1007 627 1047 canens,
661 1001 703 1036 et
731 991 913 1052 pulchre
939 991 1120 1048 saltans,
1150 993 1256 1038 velit
1284 1008 1336 1038 eo
1369 994 1462 1053 ipso
1480 992 1698 1050 lascivire,

309 1077 412 1107 cum
429 1078 498 1119 ,res
515 1064 790 1109 severitatem
807 1063 1038 1120 desiderat,
1059 1080 1150 1109 non
1171 1065 1285 1109 bene
1299 1065 1453 1125 utique
1471 1079 1702 1110 numerosa

311 1133 612 1180 modulatione
634 1135 787 1191 utitur,
808 1134 854 1180 id
870 1145 955 1191 est,
981 1151 1029 1180 ea
1051 1136 1244 1181 motione
1265 1151 1366 1197 quae
1378 1137 1470 1196 jam
1492 1136 1625 1191 bona,
1651 1151 1702 1180 ex

310 1221 363 1250 co
384 1206 486 1267 quia
504 1221 734 1251 numerosa
757 1216 836 1263 est,
854 1206 941 1251 dici
957 1217 1118 1267 potest,
1143 1206 1257 1252 male
1278 1207 1367 1263 ille,
1385 1206 1432 1252 id
1452 1216 1533 1263 est,
1547 1211 1703 1252 incon-

311 1287 516 1337 gruenter
538 1278 691 1323 utitur.
712 1278 838 1323 Unde
857 1278 977 1324 aliud
994 1288 1058 1323 est
1078 1277 1313 1334 modulari,
1334 1277 1454 1324 aliud
1475 1279 1588 1322 bene
1604 1294 1702 1324 mo—

311 1347 468 1392 dulari.
489 1351 597 1394 Nam
621 1348 863 1394 modulatio
884 1349 940 1394 ad
957 1350 1155 1410 quemvis
1177 1358 1416 1405 cantorem,
1438 1357 1610 1394 tantum
1626 1349 1704 1410 qui

309 1435 401 1464 non
418 1430 531 1465 erret
552 1421 597 1464 111
614 1420 696 1465 illis
718 1421 1063 1466 dimensionibus
1080 1435 1241 1465 vocum
1259 1436 1309 1464 ac
1330 1435 1561 1465 sonorum:
1586 1421 1703 1465 bona

308 1507 412 1536 vero
430 1492 672 1537 modulatio
696 1491 750 1536 ad
773 1493 885 1536 hanc
907 1491 1135 1536 liberalem
1152 1490 1447 1551 disciplinam,
1472 1490 1519 1535 id
1533 1499 1618 1547 est,
1645 1490 1702 1535 ad

309 1564 518 1607 musicam
546 1563 762 1622 pertinere
786 1562 1038 1607 arbitranda
1064 1572 1142 1606 est.
1170 1561 1300 1615 Quod
1322 1562 1356 1606 si
1383 1577 1463 1606 nec
1485 1561 1561 1606 illa
1581 1561 1700 1606 bona

311 1634 390 1678 tibi
412 1635 549 1679 motio
571 1632 759 1688 videtur,
785 1649 836 1677 ex
867 1649 917 1678 eo
939 1634 1042 1694 quia
1062 1633 1211 1693 inepta
1232 1642 1318 1688 est,
1343 1633 1542 1694 quamvis
1564 1632 1702 1677 artifi-

310 1706 424 1750 ciose
450 1721 727 1750 numerosam
757 1720 846 1750 esse
880 1703 1065 1760 fateare,
1090 1714 1314 1749 teneamus
1340 1703 1451 1748 illud
1477 1712 1699 1758 nostrum,

310 1776 431 1837 quod
453 1777 619 1837 ubique
641 1776 906 1821 servandum
929 1785 1015 1831 est,
1039 1791 1093 1819 ne
1119 1784 1341 1820 certamen
1368 1774 1513 1830 verbi,
1534 1789 1580 1818 re
1601 1775 1702 1820 satis

309 1847 525 1902 elucente,
557 1864 634 1892 nos
659 1856 875 1907 torqueat,
901 1847 1100 1907 nihilque
1133 1861 1336 1891 curemus
1359 1855 1511 1890 utrum
1532 1846 1701 1891 musica

309 1917 567 1963 modulandi
587 1954 597 1973 ,
638 1934 693 1962 an
734 1919 846 1961 bene
890 1916 1149 1961 modulandi
1188 1917 1369 1961 scientia
1408 1916 1695 1961 describatur.

307 1991 360 2032 D.
393 1993 504 2033 Amo
527 1988 705 2049 quidem
728 1988 837 2032 rixas
854 1988 1089 2032 verborum
1107 1988 1326 2046 praeterire
1349 1996 1480 2048 atque
1498 1997 1698 2033 contem—

308 2075 426 2115 nere,
452 2076 541 2105 non
563 2069 710 2104 tamen
732 2059 838 2103 mihi
860 2058 1062 2119 displicet
1082 2059 1163 2103 ista
1182 2057 1423 2103 distinctio.
