1888 3168
284 215 365 256 234
725 227 756 253 s·
796 223 1026 253 AUGUSTINI
1059 225 1242 253 EPISCOPI

285 304 379 339 tum
401 291 569 353 aliquid
583 301 661 336 est.
687 292 818 346 Quod
842 293 875 336 si
898 292 1136 337 absurdum
1152 300 1214 336 cst
1230 327 1241 347 ,
1268 290 1408 335 multo
1433 290 1577 336 minus
1594 292 1677 338 hoc

282 381 416 425 genus
439 364 639 408 interitus
654 363 902 408 timendum
920 373 983 408 est
1005 365 1150 408 animo
1164 399 1175 419 ,
1196 363 1319 424 quod
1335 363 1438 407 vitae
1458 372 1575 407 certe
1589 379 1678 408 non

282 446 346 481 cst
363 435 619 481 timendum.
641 437 755 481 Nam
776 450 952 494 prorsus
973 435 1008 478 si
1030 444 1136 479 tunc
1155 434 1343 479 moritur
1360 433 1553 489 animus,
1577 449 1680 479 cum

283 524 385 552 011111
407 506 568 552 deserit
589 506 678 551 vita
701 505 796 556 illa,
827 506 917 565 ipsa
951 505 1040 550 vita
1060 521 1159 567 quae
1192 506 1312 551 hunc
1344 505 1504 550 deserit
1537 505 1680 551 multo

282 578 435 623 melius
450 578 707 636 intelligitur
719 578 888 622 animus
904 613 915 633 ,
930 587 980 622 ut
992 579 1083 638 jam
1101 594 1192 623 non
1214 579 1268 623 sit
1280 578 1451 623 animus
1464 577 1682 639 quidquid

282 666 306 695 a
339 650 427 694 vita
449 648 685 703 deseritur,
710 647 785 692 sed
815 664 864 693 ea
889 649 980 709 ipsa
1011 649 1101 694 vita
1129 666 1230 710 quae
1252 649 1426 694 deserit.
1454 648 1682 710 Quidquid

282 721 398 765 0111111
411 721 499 765 vita
511 720 730 765 desertum
742 729 967 765 mortuum
980 720 1140 765 dicitur
1152 757 1162 777 ,
1174 721 1221 765 id
1234 721 1288 765 ab
1306 719 1450 765 anima
1461 720 1682 766 desertum

283 791 563 851 intelligitur:
580 792 677 836 haec
699 801 846 836 autem
864 792 952 837 vita
967 827 977 847 ,
998 808 1098 853 quae
1116 791 1275 837 deserit
1296 808 1345 836 ea
1359 807 1459 852 quae
1480 792 1681 837 moriun-

285 873 381 919 tur,
407 864 510 924 quia
540 864 632 923 ipsa
654 873 718 909 est
746 865 937 920 animus,
959 873 1003 908 et
1038 865 1233 925 seipsam
1265 879 1355 909 non
1385 863 1569 919 deserit,
1593 879 1683 908 11011

283 935 468 980 moritur
490 936 674 979 animus.

286 1083 355 1098 ΜΛΊ
359 1083 426 1098 rm}
435 1084 450 1099 ἱ
454 1084 502 1099 ΚΝΑ
506 1083 645 1099 ’νινννννὶ
649 1083 860 1100 mxumwn
864 1083 1003 1099 mmxwm
1008 1083 1361 1100 mmmmmvvm
1366 1081 1647 1099 mmm·=mv=wu
1653 1082 1684 1098 Ἃ

777 1216 996 1266 CAPUT
1030 1218 1097 1264 X.

470 1362 680 1405 Animus
710 1376 808 1406 non
840 1370 911 1406 est
942 1361 1230 1422 temperatio
1259 1359 1492 1420 eorporis.

342 1499 445 1542 XVI
451 1500 487 1542 Ι.
522 1500 616 1543 NISI
637 1496 750 1542 sorte
773 1497 908 1543 vitam
922 1498 1284 1558 temperationem
1308 1496 1500 1557 aliquam
1523 1509 1683 1555 corpo-

282 1569 362 1624 ris,
404 1578 454 1612 ut
476 1568 679 1613 nonnulli
697 1569 862 1629 opinati
889 1578 1014 1623 sunt,
1036 1568 1248 1613 debemus
1281 1566 1471 1612 credere.
1513 1566 1684 1620 Quibus

282 1640 480 1700 profecto
500 1655 731 1700 nunquam
757 1640 842 1683 1100
869 1640 1013 1684 visum
1036 1649 1167 1695 esset,
1193 1640 1228 1683 si
1249 1654 1299 1682 ea
1331 1653 1432 1698 quae
1459 1651 1561 1682 vere
1582 1647 1684 1682 sunt

282 1720 325 1754 et
346 1709 723 1755 incommutabilia
740 1719 1023 1770 permanent,
1052 1710 1205 1754 eodem
1225 1710 1371 1754 animo
1400 1724 1422 1752 a
1450 1723 1683 1768 corporum

282 1781 602 1826 consuetudine
635 1781 824 1825 alienato
857 1790 988 1841 atque
1019 1789 1207 1840 purgato
1243 1779 1392 1823 videre
1426 1777 1680 1825 valuissent.

283 1854 389 1907 Quis
413 1854 529 1897 enim
547 1854 660 1896 benc
680 1869 724 1897 se
742 1853 989 1912 inspiciens,
1004 1868 1094 1897 11011
1109 1861 1311 1911 expertus
1327 1860 1392 1895 est
1411 1859 1534 1894 tanto
1552 1866 1596 1894 se
1609 1851 1684 1895 ali-

283 1924 391 1986 quid
411 1923 670 1968 intellexisse
684 1924 891 1967 sincerius
907 1958 917 1978 ,
938 1932 1105 1983 quanto
1120 1924 1342 1967 removere
1362 1931 1493 1982 atque
1517 1920 1683 1967 subdu-

283 2012 379 2040 cere
398 1995 683 2039 intentionem
704 1995 861 2038 mentis
879 2010 903 2038 a
925 1994 1118 2054 corporis
1139 1995 1336 2039 sensibus
1357 1996 1532 2055 potuit?
1551 1994 1682 2048 Quod

283 2068 318 2112 si
340 2067 598 2127 temperatio
621 2067 812 2126 corporis
837 2075 947 2111 esset
965 2066 1158 2122 animus,
1179 2082 1269 2111 non
1291 2066 1444 2128 utique
1466 2068 1514 2113 id
1537 2077 1682 2129 posset

283 2137 495 2183 accidere.
522 2141 621 2184 Non
639 2138 756 2182 enim
774 2153 822 2183 ea
834 2154 899 2183 res
922 2154 1022 2199 quae
1036 2147 1238 2183 naturam
1249 2138 1471 2198 propriam
1484 2155 1577 2184 non
1597 2140 1682 2184 ha-

283 2210 428 2265 beret,
462 2224 606 2271 neque
644 2210 885 2254 substantia
922 2219 1054 2264 esset,
1083 2208 1160 2254 sed
1188 2210 1233 2254 in
1269 2209 1465 2270 subjecto
1497 2227 1680 2271 corpore

287 2290 493 2341 tanquam
515 2281 635 2326 color
650 2290 693 2325 et
710 2279 850 2325 forma
863 2279 1212 2341 inseparabiliter
1233 2280 1392 2326 inesset
1405 2317 1415 2337 ‚
1431 2280 1526 2327 ullo
1546 2281 1680 2327 modo

283 2367 327 2395 50
342 2353 396 2396 ab
415 2351 572 2397 eodem
585 2368 766 2412 corpore
784 2352 838 2396 ad
851 2352 1139 2411 intelligibilia
1156 2352 1434 2412 percipienda
1447 2364 1679 2399 conaretur

285 2433 478 2467 avertere
494 2460 504 2479 ,
531 2434 573 2468 et·
594 2425 639 2468 in
663 2434 879 2484 quantum
895 2424 942 2469 id
963 2434 1126 2485 posset,
1152 2424 1198 2468 in
1221 2433 1396 2469 tantum
1426 2425 1501 2471 illa
1533 2436 1678 2487 posset

283 2495 465 2549 intueri,
493 2511 629 2555 eaque
654 2496 817 2540 visione
855 2495 1008 2541 melior
1037 2505 1081 2540 et
1100 2497 1375 2555 praestantior
1411 2498 1519 2542 fieri.
1544 2496 1676 2543 Nullo

284 2566 447 2626 quippe
464 2567 595 2612 modo
612 2566 751 2613 forma
769 2567 838 2612 vel
861 2566 1002 2623 color,
1022 2566 1092 2613 vel
1109 2567 1197 2627 ipsa
1212 2568 1342 2612 etiam
1364 2569 1554 2629 corporis
1569 2578 1675 2613 tem-
