1888 3168
274 208 360 247 282
698 216 732 244 s·
769 214 1002 246 mensum
1033 217 1219 248 EPISCOPI

272 370 1195 391 vnkummsvmmmmmumwnwmvmmnwmmm
1199 372 1550 393 WMM⁴MMMWU
1554 374 1623 394 Um
1628 375 1668 394 ἸΝ

760 492 981 544 CAPUT
1017 496 1188 544 XXII.

569 640 710 690 Unde
740 643 867 689 vires
894 643 1112 704 corporis
1140 644 1369 707 majores.

325 785 557 830 XXXVII.
594 786 722 838 Quon
744 783 779 829 si
801 783 989 845 amplius
1018 783 1189 847 aliquid
1213 784 1470 831 animalium
1499 786 1666 848 majora

265 873 464 918 corpora,
490 872 542 902 eo
580 856 675 917 ipso
713 872 804 918 quo
838 858 1006 918 majora
1037 866 1162 914 sunt,
1182 857 1350 903 habent
1382 857 1566 915 virium,
1591 857 1669 903 illa

265 946 395 976 causa
425 937 490 974 est
521 928 644 990 quod
662 928 760 989 lege
781 938 952 974 naturae
974 928 1141 975 cedunt
1160 929 1357 992 pondera
1379 930 1550 975 minora
1569 944 1667 975 ma-

260 1001 460 1064 joribus,
483 1016 575 1046 non
593 999 728 1046 modo
754 1016 857 1046 cum
888 1000 944 1046 ad
964 1001 1194 1063 proprium
1215 1001 1366 1048 locum
1382 1010 1539 1063 suopte
1554 998 1670 1046 nutu

265 1072 494 1130 seruntur,
520 1082 572 1118 ut
591 1072 776 1118 humida
798 1082 842 1118 et
862 1083 1036 1119 terrena
1070 1089 1254 1135 corpora
1285 1075 1331 1119 in
1358 1075 1492 1136 ipsius
1512 1071 1671 1118 mundi

266 1145 464 1191 medium
482 1145 648 1202 locum,
671 1147 749 1207 qui
767 1155 833 1191 est
851 1147 1044 1204 infimus,
1061 1163 1210 1194 rursus
1233 1147 1348 1193 aeria
1363 1156 1407 1193 et
1427 1147 1555 1208 ignea
1575 1161 1673 1192 sur-

266 1234 365 1264 sum
386 1234 536 1264 versus
555 1237 564 1263 :
590 1218 668 1263 sed
685 1219 814 1264 etiam
835 1235 938 1265 cum
958 1219 1106 1282 aliquo
1123 1211 1345 1266 tormento
1366 1221 1574 1281 autjactu
1596 1227 1673 1263 aut

267 1289 462 1351 impulsu
503 1299 579 1335 aut
611 1288 792 1350 repulsu
826 1306 899 1346 eo,
925 1307 1015 1351 quo
1045 1307 1137 1337 non
1169 1300 1325 1353 sponte
1359 1291 1604 1346 ferrentur,
1627 1290 1671 1335 vi

269 1362 408 1406 aliena
427 1361 489 1405 ire
511 1369 748 1421 coguntur.
771 1350 889 1430 §qam
906 1360 940 1404 si
962 1375 1015 1404 ex
1037 1361 1126 1405 alto
1148 1362 1378 1417 dimiseris,
1415 1375 1674 1423 quanquam

269 1432 422 1489 simul,
455 1433 565 1478 duos
604 1430 775 1492 lapides
801 1431 985 1492 disparis
1017 1431 1298 1493 quantitatis,
1334 1431 1460 1476 citius
1490 1430 1674 1492 quidem

270 1507 409 1566 major
440 1505 496 1550 ad
518 1514 677 1550 terram
707 1503 936 1564 pervenit:
968 1503 1045 1548 scd
1077 1504 1112 1548 si
1140 1503 1180 1547 ei
1213 1503 1356 1548 minor
1392 1502 1670 1563 subjiciatur,

270 1593 411 1639 eoque
440 1575 753 1623 inevitabiliter
782 1585 1044 1636 occupetur,
1071 1574 1188 1620 cedit
1207 1573 1430 1636 profecto,
1456 1575 1674 1635 simulque

270 1651 316 1694 in
338 1648 480 1694 solum
503 1647 754 1693 deducitur.
782 1651 894 1692 Item
916 1648 950 1692 si
972 1647 1177 1708 dejicitur
1198 1646 1386 1707 desuper
1406 1647 1562 1707 major,
1587 1645 1675 1690 mi-

272 1736 353 1765 nor
378 1729 526 1765 autem
548 1730 701 1765 contra
733 1735 904 1765 sursum
927 1734 1076 1764 versus
1094 1719 1276 1779 jacitur,
1300 1718 1380 1762 ubi
1401 1717 1578 1763 obviam
1597 1732 1676 1762 ve-

270 1792 432 1847 nerint,
459 1792 728 1852 repercussio
755 1791 935 1836 minoris
959 1800 1003 1836 et
1020 1790 1275 1835 retrocessio
1297 1790 1374 1834 fiat
1395 1804 1570 1834 necesse
1592 1798 1672 1833 est.

273 1863 403 1917 Quod
430 1879 486 1907 ne
512 1863 611 1907 ideo
640 1863 835 1908 accidere
860 1872 1010 1923 putes,
1043 1861 1166 1922 quod
1195 1860 1339 1906 minor
1361 1868 1514 1906 contra
1541 1869 1676 1904 natu-

273 1950 367 1979 ram
385 1935 433 1978 in
454 1933 658 1978 sublimia
681 1935 742 1978 ire
765 1935 1030 1991 cogebatur,
1055 1932 1163 1977 alter
1184 1948 1288 1976 vero
1309 1933 1475 1993 majore
1506 1932 1676 1991 impetu

271 2006 419 2051 locum
442 2020 571 2050 suum
601 2004 802 2064 petebat,
829 2002 961 2047 facito
994 2011 1045 2047 ut
1068 2003 1206 2063 major
1229 2002 1275 2045 in
1297 2017 1486 2063 superna
1502 2001 1674 2063 jacule-

275 2088 360 2134 tur,
386 2087 430 2122 et
450 2077 609 2121 minori
632 2083 833 2121 occurrat
854 2075 902 2118 in
923 2083 1058 2119 terras
1089 2074 1283 2135 deJecto,
1318 2072 1487 2118 videbis
1509 2073 1674 2119 nihilo-

275 2150 419 2193 minus
442 2147 666 2209 repulsum
690 2147 904 2192 minorem
927 2146 974 2189 in
992 2144 1156 2189 coelum
1180 2144 1299 2204 cogi,
1320 2143 1397 2188 sed
1418 2160 1675 2205 repercussu

276 2223 369 2282 ipso
405 2221 560 2266 cadere
585 2220 632 2264 in
654 2219 781 2265 aliam
810 2227 1001 2279 partem,
1028 2227 1079 2262 ut
1111 2233 1200 2279 qua
1227 2216 1479 2277 expeditum
1514 2226 1600 2274 est,
1630 2219 1676 2263 in

276 2294 364 2338 ima
393 2292 630 2337 deferatur.
667 2295 779 2336 Item
803 2291 837 2335 si
871 2290 1002 2335 ambo
1034 2305 1125 2335 non
1159 2298 1284 2334 motu
1317 2288 1521 2345 naturali,
1553 2289 1630 2334 sed
1651 2305 1675 2334 a

278 2364 452 2408 duobus
485 2363 609 2425 quasi
640 2363 687 2407 in
721 2377 876 2423 campo
910 2360 1214 2422 pugnantibus
1249 2360 1455 2406 adversus
1487 2360 1673 2405 invicem

274 2436 396 2497 jacti,
424 2435 597 2479 sibimet
617 2435 664 2478 in
686 2434 829 2478 medio
852 2433 990 2494 spatio
1022 2431 1382 2492 complodantur,
1408 2431 1505 2492 quis
1537 2430 1673 2475 dubi-

280 2508 435 2552 taverit
462 2507 677 2552 minorem
711 2506 863 2568 majori
898 2521 988 2550 esse
1023 2520 1268 2560 cessurum,
1298 2504 1341 2548 in
1377 2519 1473 2548 eam
1504 2512 1673 2564 partem

281 2578 399 2623 unde
422 2579 511 2637 ipse
533 2588 576 2623 et
597 2594 686 2638 quo
704 2577 775 2623 ille
795 2577 1078 2623 ferebantur?
1100 2578 1210 2630 Quae
1228 2591 1329 2622 cum
1350 2576 1409 2621 ita
1426 2575 1526 2631 sint,
1547 2573 1671 2620 idest
