1852 3163
233 176 315 216 172
684 184 717 213 s.
753 183 984 215 Aucus‘rmr
1017 186 1202 214 Emscom

234 268 330 297 mus
348 287 358 308 ‚
393 250 736 297 consedissemus
749 289 759 309 ,
786 268 865 313 ego
908 253 989 300 illis
1029 253 1204 298 duobus
1243 251 1592 298 adolescentibus
1613 269 1623 296 ε

238 325 447 380 Quamvis
463 325 602 381 vobis,
618 326 814 387 inquam,
827 327 1148 372 succensuerim
1161 326 1386 388 pueriliter
1398 325 1454 370 de
1462 324 1630 384 magnis

230 398 361 442 rebus
377 397 629 457 agentibus,
652 407 799 442 tamen
820 399 927 443 mihi
949 398 1124 443 videtur
1136 414 1227 443 non
1249 398 1340 443 51116
1363 396 1515 443 ordine
1527 411 1630 456 pro-

227 469 336 529 pitio
359 471 449 514 Deo
472 467 687 513 accedisse
702 504 713 525 ,
739 468 862 530 quod
891 470 936 514 111
961 485 1159 515 sermone
1179 486 1268 531 (1110
1289 485 1367 514 vos
1391 469 1445 514 ab
1468 468 1549 513 ista
1565 466 1631 512 le-

227 542 358 585 vitate
373 540 671 595 detrahebam,
684 549 855 600 tempus
869 540 929 585 ita
946 551 1259 602 consumptum
1272 550 1350 596 651,
1364 550 1415 586 111
1428 555 1493 584 165
1509 548 1630 584 tanta

228 611 282 656 ad
303 612 451 672 Alypii
476 612 715 657 adventtun
734 610 867 656 dilata
881 611 1095 657 videatur.
1122 615 1399 672 Quapropter
1422 611 1630 673 quoniam

230 683 269 726 ei
303 685 393 744 jam
423 683 712 744 quaestionem
745 683 1015 728 notissimam
1049 683 1154 740 feci,
1183 693 1226 728 et
1249 692 1466 745 quantum
1503 683 1549 726 in
1581 697 1631 726 ea

227 755 561 814 processerimus
576 754 763 809 ostendi,
775 771 877 815 para
885 765 1027 811 tus-ne
1040 772 1099 812 es,
1112 755 1298 811 Licenti,
1310 770 1484 800 causam
1498 768 1632 815 quam

227 826 452 886 suscepisti
476 842 526 870 ex
555 825 629 870 illa
651 835 727 871 tua
750 825 1004 873 definitione
1036 825 1300 872 defendere?
1331 829 1441 874 Nam
1473 824 1631 870 memi-

227 899 338 942 nisse
362 913 433 942 me
456 898 641 944 arbitror
678 907 717 942 16
741 897 938 944 ordinem
969 914 1057 944 esse
1090 897 1245 944 dixisse
1266 914 1345 959 per
1367 912 1499 959 quem
1517 899 1633 942 Deus

228 978 376 1028 ageret
393 970 553 1014 onmia.
582 973 763 1014 Paratus
781 985 877 1015 sum
895 1006 905 1025 ,
927 970 1072 1032 inquit
1086 1006 1096 1025 ,
1120 978 1338 1031 quantum
1357 967 1498 1015 valeo.
1516 970 1634 1022 Quo-

225 1041 358 1085 modo
387 1057 513 1100 ergo,
540 1041 721 1103 inquam
737 1078 747 1097 ,
772 1042 861 1102 agit
879 1041 1031 1087 ordine
1067 1042 1213 1087 omnia
1235 1042 1378 1086 Deus?
1402 1043 1551 1085 Ita-ne
1583 1048 1634 1083 ut

233 1112 365 1156 etiam
387 1128 430 1157 se
449 1112 601 1157 ordine
623 1122 723 1172 agat
739 1149 750 1168 ,
777 1129 833 1157 an
852 1122 1011 1174 praeter
1033 1129 1136 1158 eum
1159 1112 1312 1158 ordine
1330 1112 1385 1158 ab
1405 1127 1455 1157 60
1478 1120 1633 1157 caetera

232 1183 562 1241 gubernantur?
578 1183 662 1228 Ubi
686 1186 832 1229 onmia
846 1185 963 1230 bona
976 1194 1101 1241 sunt,
1118 1185 1263 1246 inquit
1279 1221 1289 1241 ,
1317 1183 1425 1229 ordo
1445 1199 1536 1229 non
1551 1191 1629 1227 est.

226 1257 307 1299 Est
325 1253 442 1298 6111111
460 1268 631 1298 summa
653 1255 879 1314 aequalitas
893 1289 903 1308 ,
925 1272 1026 1314 quae
1049 1256 1249 1302 ordinem
1271 1255 1383 1300 nihil
1397 1253 1629 1300 desiderat.

227 1329 387 1385 Negas,
408 1326 614 1387 inquam,
637 1324 757 1385 apud
771 1328 913 1370 Deum
935 1325 1083 1370 onmia
1104 1328 1220 1370 bona
1243 1329 1360 1370 esse?
1375 1329 1475 1371 Non
1493 1341 1631 1384 nego,

227 1397 386 1458 inquit.
409 1397 674 1452 Conficitur,
700 1396 904 1457 inquam,
929 1412 1074 1457 neque
1096 1399 1259 1453 Deum,
1281 1412 1427 1458 neque
1443 1395 1518 1441 illa
1535 1412 1635 1457 quae

228 1469 345 1530 apud
362 1473 507 1515 Deum
527 1478 654 1525 sunt,
673 1468 827 1514 ordine
847 1468 1154 1514 administrari.
1177 1468 1474 1515 Concedebat.
1495 1470 1635 1514 Num-

227 1540 464 1602 quidnam,
491 1542 673 1602 inquam
689 1576 699 1596 ,
728 1539 877 1585 onmia
910 1540 1028 1585 bona
1057 1539 1167 1584 nihil
1185 1540 1266 1585 tibi
1287 1538 1494 1585 videntur
1513 1542 1634 1585 esse?

230 1616 346 1667 Imo,
385 1611 467 1668 ait,
491 1612 584 1672 ipsa
624 1626 727 1656 vere
755 1620 872 1655 sunt.
900 1610 987 1656 Ubi
1026 1620 1091 1656 est
1113 1626 1244 1671 ergo,
1281 1612 1484 1672 inquam,
1519 1610 1633 1656 illud

230 1692 355 1728 tuum
378 1682 502 1744 quod
522 1681 689 1738 dixisti,
711 1682 857 1727 omnia
873 1698 972 1743 quae
991 1691 1119 1739 sunt,
1137 1682 1289 1727 ordine
1308 1682 1630 1739 administrari,

227 1753 426 1814 nihilque
445 1754 624 1799 omnino
647 1769 736 1798 esse
753 1788 764 1809 ,
786 1752 908 1815 quod
922 1752 977 1798 ab
1000 1752 1153 1798 ordine
1172 1763 1420 1814 separatum
1438 1753 1523 1798 sit?
1548 1752 1634 1798 Sed

227 1834 354 1879 sunt,
375 1824 545 1885 inquit,
568 1825 699 1869 etiam
720 1824 835 1869 mala
861 1840 938 1885 per
953 1840 1053 1885 quae
1068 1823 1237 1869 sactum
1255 1834 1340 1881 est,
1363 1833 1414 1869 ut
1444 1834 1487 1869 et
1516 1824 1634 1869 bona

227 1895 335 1941 ordo
354 1894 605 1940 concludat.
631 1898 741 1941 Nam
760 1895 850 1940 sola
873 1896 989 1940 bona
1010 1911 1101 1940 non
1120 1896 1272 1941 ordine
1295 1905 1509 1955 reguntur
1526 1931 1537 1950 ‚
1558 1894 1635 1940 sed

227 1966 357 2011 simul
385 1967 501 2011 bona
539 1975 582 2010 et
614 1965 742 2009 mala.
777 1965 890 2010 Cum
921 1972 1068 2008 autem
1102 1964 1284 2009 dicimus
1323 1966 1468 2009 omnia
1482 2000 1492 2020 ,
1532 1981 1633 2026 quae

227 2047 352 2092 sunt,
380 2052 470 2081 11011
493 2034 584 2081 sola
601 2035 755 2096 utique
772 2035 889 2079 bona
911 2033 1112 2080 dicimus.
1139 2037 1205 2079 Ex
1226 2051 1315 2096 quo
1337 2036 1388 2079 fit
1410 2044 1461 2080 ut
1483 2035 1632 2081 omnia

227 2109 354 2153 simul
375 2124 475 2169 quae
498 2111 613 2152 Deus
635 2105 933 2163 administrat,
952 2106 1104 2151 ordine
1119 2105 1493 2151 administrentur.

289 2185 371 2225 ΙΙΙ.
408 2181 490 2226 Cui
513 2195 594 2239 ego
614 2199 622 2226 2
649 2182 757 2234 Quae
790 2178 1150 2224 administrantur
1172 2188 1215 2223 et
1237 2188 1449 2236 aguntur,
1474 2180 1631 2224 viden-

233 2264 301 2298 tur
323 2254 403 2298 tibi
433 2253 626 2309 moveri,
653 2268 708 2296 an
742 2251 984 2297 immobilia
1020 2261 1147 2312 putas
1191 2253 1305 2296 esse?
1324 2255 1432 2308 Ista,
1459 2253 1626 2313 inquit,

228 2341 326 2386 quae
352 2326 396 2368 in
415 2326 499 2369 hoc
522 2326 636 2369 fiunt
653 2324 808 2379 modo,
826 2324 966 2369 fateor
983 2322 1163 2369 moveri.
1183 2322 1391 2384 Reliqua,
1413 2324 1596 2384 inquam
1617 2359 1627 2379 ,

227 2399 385 2455 negas?
407 2399 516 2450 Quae
535 2405 638 2441 sunt
658 2411 759 2441 cum
777 2398 867 2440 Deo
883 2430 894 2451 ‚
914 2395 1080 2455 inquit,
1106 2409 1195 2438 11011
1228 2403 1466 2439 moventur
1481 2430 1492 2450 ‚
1527 2393 1630 2438 reli-

229 2483 315 2528 qua
340 2468 484 2512 omnia
506 2466 670 2513 moveri
700 2466 902 2511 arbitror.
930 2468 1043 2511 Cum
1072 2465 1205 2524 igitur
1231 2480 1280 2510 ea
1303 2481 1403 2526 quae
1419 2480 1520 2510 cum
1538 2467 1630 2509 Deo

228 2548 351 2595 sunt,
381 2539 585 2600 inquam,
611 2553 701 2586 non
723 2538 888 2585 moveri
906 2547 1033 2598 putas
1050 2572 1061 2593 ,
1082 2546 1237 2583 caetera
1253 2544 1401 2584 autem
1421 2535 1626 2584 concedis
