1888 3168
597 247 650 272 DE
682 243 835 273 MIJSICA
871 247 951 272 Lm.
992 248 1030 272 v.
1425 234 1507 272 465

121 309 345 366 perveniat
366 309 439 354 illa
473 309 702 369 longitudo
729 309 784 354 ad
811 310 1069 370 quadratam
1093 308 1300 363 l'ormam,
1327 309 1407 354 nisi
1435 325 1511 369 per

122 379 325 425 eumdem
343 397 577 426 numerum
591 381 870 442 multiplicati
884 380 1040 426 calculi
1063 381 1230 425 ,fuerint
1251 400 1259 424 z
1280 390 1330 425 ut
1344 382 1377 425 si
1389 381 1513 425 verbi

122 452 257 508 gratia
279 451 388 497 duos
412 452 601 497 calculos
614 468 766 512 ponas,
782 452 1051 514 quadratum
1063 467 1153 495 non
1175 450 1305 495 facias
1317 451 1398 495 nisi
1422 451 1515 496 aliis

122 520 296 567 duobus
318 523 374 567 ad
395 523 673 568 latitudinem
687 523 901 584 adjunctis
923 543 931 567 ε
951 523 1017 567 sin
1028 532 1130 578 tres,
1152 538 1224 567 sex
1244 521 1515 584 adjungendi

121 602 239 648 sunt,
265 593 341 638 sed
363 593 476 638 terni
499 593 723 639 distributi
747 594 802 639 ad
830 593 940 639 duos
964 593 1136 639 ordines
1167 592 1362 638 similiter
1383 593 1429 636 in
1452 592 1518 636 la-

124 663 359 708 titudinem
381 684 389 709 :
417 665 452 709 si
479 665 594 709 enim
612 665 668 710 ad
688 664 1010 724 longitudinem
1033 664 1170 709 additi
1193 664 1372 719 fuerint‚
1397 663 1519 708 nulla

123 735 261 794 figura
283 736 348 780 fit.
376 736 625 794 Longitudo
649 737 766 781 enim
788 737 878 781 sine
900 735 1134 781 latitudine
1156 736 1294 794 figura
1323 752 1412 780 nou
1437 745 1515 780 est.

123 810 268 868 Atque
286 808 345 852 ita
367 808 651 868 proportione
671 807 772 852 lieet
794 807 1067 853 considerare
1090 806 1194 852 alios
1217 822 1422 851 numeros
1446 827 1454 852 ε
1472 817 1522 851 ut

123 879 241 923 enim
262 879 328 923 his
350 879 454 924 bina
471 916 481 935 ,
508 890 550 924 et
573 890 638 924 ter
664 889 788 923 terna
812 878 1045 940 quadratas
1074 879 1233 936 figuras
1262 879 1306 922 in
1329 879 1523 922 numeris

122 949 308 1006 faciunt,
324 951 384 995 ita
401 961 554 1012 quater
574 961 801 1013 quaterna7
829 950 1061 1011 quinquies
1077 949 1228 1010 quina,
1250 950 1383 994 sexies
1399 965 1518 1005 sena⁹

125 1032 255 1084 atque
279 1023 338 1067 ita
357 1039 434 1084 per
455 1024 679 1068 infinitum
702 1024 748 1067 in
771 1023 953 1068 caeteris.
988 1025 1039 1067 D.
1076 1022 1221 1066 Etiam
1256 1021 1335 1065 ista
1366 1031 1457 1066 rata
1480 1032 1524 1066 et

125 1094 354 1139 manifesta
376 1105 493 1140 sunt.
520 1099 580 1141 M.
608 1095 799 1140 Attende
817 1111 935 1139 nune.
958 1104 1107 1138 utrum
1132 1094 1186 1138 sit
1199 1093 1344 1154 aliqua
1358 1103 1524 1154 ternpo-

126 1166 181 1210 ris
196 1165 441 1224 longitudo.
467 1172 513 1210 D.
536 1167 642 1220 Quis
664 1166 932 1210 dubitaverit
945 1165 1119 1209 nullum
1138 1180 1226 1209 esse
1244 1174 1416 1225 tempus
1433 1166 1526 1209 sino

126 1236 271 1298 aliqua
284 1237 581 1298 longitudine?
593 1242 654 1283 M.
668 1238 800 1293 Quid,
813 1254 961 1282 versus
976 1246 1203 1297 potest-ne
1222 1253 1311 1281 non
1325 1237 1524 1281 obtinere

127 1308 319 1370 aliquam
371 1311 575 1370 temporis
608 1309 958 1369 longitudinem?
1013 1312 1063 1353 D.
1103 1313 1198 1353 Imo
1246 1325 1422 1353 neeesse
1460 1318 1525 1353 est

127 1380 338 1425 obtineat.
376 1384 437 1426 M.
466 1380 583 1434 Quid
608 1381 654 1423 in
686 1397 730 1424 ea
760 1379 1037 1438 longitudine
1068 1396 1148 1439 pro
1171 1379 1350 1424 calculis
1371 1379 1528 1424 melius

127 1451 413 1507 collocamus,
434 1452 659 1512 pedes'i'ne‚
686 1452 763 1512 qui
786 1452 894 1495 duas
916 1452 961 1494 in
984 1461 1126 1511 partes
1143 1488 1152 1506 ,
1170 1451 1213 1495 id
1237 1462 1315 1507 est,
1343 1445 1529 1496 levatio-

128 1540 229 1568 nem
251 1533 294 1568 et
314 1521 578 1584 positionem
602 1524 841 1567 necessario
865 1523 1192 1567 distribuuntur
1211 1545 1221 1581 3
1246 1541 1301 1567 an
1323 1525 1435 1584 ipsos
1458 1542 1527 1569 se-

129 1595 323 1655 mipedes
344 1596 507 1655 potius,
530 1595 607 1655 qui
626 1594 818 1653 singulas
833 1593 1072 1638 levationes
1096 1595 1420 1655 positionesque
1443 1597 1528 1640 oli-

131 1667 295 1711 tinent?
310 1671 361 1711 l).
384 1666 632 1726 Semipedes
650 1665 962 1724 congruentius
980 1665 1132 1725 judico
1155 1682 1234 1726 pro
1250 1666 1332 1711 illis
1350 1667 1528 1713 calculis

130 1738 249 1797 poni
984 1746 987 1748 ’

191 1812 353 1854 XXVI.
390 1812 450 1853 M.
489 1811 581 1868 Age
616 1824 735 1853 nuno
775 1824 1069 1853 commemora
1104 1809 1354 1853 membrum
1383 1827 1530 1856 versus

133 1880 297 1927 heroici
332 1880 533 1935 brevius,
571 1890 682 1941 quot
715 1879 955 1940 semipedes
986 1880 1160 1924 habeat.
1210 1884 1259 1925 D.
1304 1882 1527 1943 Quinque.

133 1959 193 1999 M.
225 1953 299 1998 Dit-
324 1952 590 2012 exemplum.
615 1956 666 1997 D.
698 1954 859 1996 Arma
882 1953 1133 2010 virumque
1156 1968 1297 1997 caesio.
1328 1957 1388 1997 M.
1416 1958 1532 1999 Num

133 2026 266 2084 igitur
290 2023 407 2068 aliud
433 2022 666 2078 desideras7
693 2024 772 2067 nisi
807 2033 856 2067 ut
880 2022 949 2067 alii
974 2033 1141 2083 septem
1171 2025 1410 2084 sequipedes
1430 2043 1532 2071 cum

134 2098 224 2142 istis
241 2097 438 2158 quinque
457 2095 601 2156 aliqua
620 2095 870 2156 aequalitate
893 2095 1188 2140 conveniant?
1204 2100 1254 2141 l).
1278 2098 1391 2141 Nihil
1409 2116 1534 2158 pror—

135 2186 206 2214 sus
229 2166 364 2212 aliud.
392 2171 453 2212 M.
481 2166 614 2222 Quid,
642 2177 806 2227 septem
823 2166 1061 2226 semipedes
1072 2169 1534 2232 possunt-nealiquem

135 2255 311 2285 versum
332 2237 551 2298 complere
585 2254 662 2297 per
681 2241 751 2282 se?
784 2241 835 2282 D.
870 2242 1055 2282 Possunt
1081 2255 1183 2283 vero
1214 2260 1222 2283 2
1249 2256 1351 2284 nam
1375 2251 1441 2285 tot
1465 2259 1534 2286 se—

139 2309 333 2371 mipedes
355 2310 492 2354 habet
513 2310 680 2369 primus
703 2325 751 2353 ac
772 2309 980 2353 minimus
995 2326 1160 2365 versus⁷
1184 2323 1469 2357 annumerato
1489 2314 1535 2358 in

142 2384 228 2427 line
257 2381 444 2425 silentio.
472 2384 533 2425 M.
564 2384 698 2425 Recte
728 2379 832 2424 dicis
864 2400 872 2424 :
905 2382 980 2424 sed
1008 2391 1058 2425 ut
1080 2398 1229 2426 versus
1258 2400 1346 2427 esse
1375 2386 1531 2444 possit,

144 2454 368 2517 quomodo
390 2453 435 2496 in
459 2453 548 2498 duo
573 2454 766 2497 membra
793 2452 1028 2498 dividitur?
1050 2458 1102 2499 D.
1132 2458 1183 2498 In
1207 2466 1397 2516 quatuor
1420 2458 1536 2502 seili—

142 2536 226 2581 eet7
246 2534 289 2569 et
304 2534 390 2569 tres
414 2523 668 2584 semipedes.
696 2527 756 2568 M.
784 2527 877 2567 Duo
895 2540 997 2583 ergo
1018 2525 1063 2568 iu
1079 2525 1218 2583 legem
1239 2528 1439 2587 quadrati
1458 2530 1534 2574 lias

144 2606 286 2658 partes
320 2594 531 2653 singulas,
577 2604 620 2640 et
660 2595 759 2639 vide
795 2593 902 2654 quid
934 2594 1100 2640 faciunt
1133 2607 1323 2657 quatuor
1362 2610 1531 2659 quater.

359 2679 480 2708 cvm.
1301 2672 1350 2710 535)
