1888 3168
308 177 390 215 480
729 188 760 214 S.
801 189 879 215 Arc.
891 191 1025 216 vsTffit
1062 191 1239 217 nriscori

302 329 1688 349 mmmmm...m.mmmmm.m....mm-..tmuwmmumvm

818 439 891 485 (ΞΛ.
906 440 1032 488 PUT
1075 442 1175 487 tlt.

481 560 692 609 Numeri
706 558 969 623 judiciales
991 577 1058 634 an
1078 561 1172 607 sint
1194 561 1504 608 immortales.

362 688 505 731 XVII.
532 689 592 733 M.
610 690 817 732 ATTENDE
838 685 970 745 igitur
984 686 1206 747 deinceps,
1228 695 1271 732 et
1285 686 1354 732 dic
1375 687 1497 744 mihi,
1511 687 1691 750 quinam

300 758 483 803 istorum
507 757 771 803 immortales
794 758 874 802 tibi
897 757 1142 814 videantur,
1169 774 1224 803 an
1246 773 1395 803 omnes
1413 759 1499 804 suis
1520 768 1692 820 tempo-

302 830 422 874 ribus
444 829 533 875 labi
549 839 679 890 atquc
693 828 890 874 occidere
911 829 1139 874 existimes.
1159 833 1210 874 D.
1229 827 1462 875 Judiciales
1474 830 1587 876 solos
1609 831 1693 875 im-

302 902 507 947 mortales
518 911 624 962 puto
643 922 651 947 :
672 912 851 947 caeteros
866 902 996 948 video
1011 901 1079 947 vel
1093 902 1273 946 transire
1291 917 1391 947 cum
1412 903 1538 958 fiunt,
1554 902 1625 948 vel
1637 902 1693 949 de

304 975 511 1019 memoria
526 973 747 1019 oblivione
762 974 914 1019 deleri.
930 978 990 1020 M.
1011 977 1118 1019 Tam
1135 984 1277 1019 certus
1296 989 1338 1018 es
1352 975 1406 1018 de
1421 975 1604 1019 istorum
1617 976 1693 1020 im-

302 1045 583 1101 mortalitate,
601 1061 733 1106 quam
755 1046 810 1090 de
831 1046 1013 1090 interitu
1030 1048 1317 1091 caeterorum?
1340 1063 1396 1092 an
1416 1045 1690 1105 diligentius,

301 1127 452 1162 utrum
464 1133 564 1163 vcre
577 1118 624 1161 hi
636 1117 902 1162 immortales
914 1118 1014 1174 sint,
1033 1127 1206 1178 oportet
1218 1120 1439 1180 quaerere?
1451 1121 1502 1162 D.
1518 1120 1696 1172 Quaera-

301 1205 399 1234 mus
428 1205 544 1234 sane.
582 1192 642 1235 M.
682 1189 756 1234 Dic
788 1204 915 1248 ergo,
941 1205 1043 1234 cum
1075 1188 1299 1251 aliquanto
1330 1191 1568 1250 correptius
1605 1190 1694 1236 sive

300 1262 579 1323 productius,
611 1260 717 1305 dum
746 1261 928 1307 serviam
960 1271 1205 1322 temporum
1229 1261 1313 1320 legi
1335 1277 1420 1322 qua
1449 1260 1605 1321 simplo
1640 1262 1695 1307 ad

301 1332 488 1393 duplum
501 1331 632 1392 pedes
643 1332 928 1387 conveniunt,
939 1347 1112 1377 versum
1126 1333 1381 1392 pronuntio,
1396 1348 1503 1377 num
1515 1331 1696 1377 ostendo

302 1402 394 1447 ulla
414 1403 566 1448 {raude
583 1403 800 1463 judicium
819 1419 966 1448 sensus
986 1403 1078 1448 tui?
1093 1407 1144 1448 D.
1163 1406 1260 1449 Non
1282 1404 1477 1448 omnino.
1494 1405 1555 1448 M.
1577 1402 1697 1456 Quid

302 1488 434 1518 sonus
454 1473 543 1527 ille,
559 1474 636 1532 qui
649 1474 988 1532 correptioribus
1006 1483 1048 1518 et
1068 1474 1192 1534 quasi
1209 1473 1506 1533 fugacioribus
1519 1472 1696 1531 syllabis

305 1543 468 1597 editur,
500 1557 607 1586 num
631 1551 774 1601 potest
792 1543 890 1601 plns
914 1545 1120 1602 temporis
1144 1559 1358 1602 occupare
1391 1558 1525 1602 quam
1546 1544 1697 1587 sonat?

303 1617 355 1659 D.
393 1613 480 1667 Qut
502 1614 670 1672 potest?
691 1615 752 1657 M.
784 1611 1019 1657 Judiciales
1041 1628 1143 1672 ergo
1171 1613 1234 1657 illi
1256 1613 1426 1657 numeri
1454 1614 1488 1657 si
1521 1612 1696 1658 vinculo

308 1684 511 1744 temporis
533 1683 578 1727 in
596 1692 719 1728 tanto
745 1683 884 1743 spatio
908 1692 1177 1739 tenerentur,
1207 1693 1374 1745 quanto
1396 1683 1465 1728 isti
1493 1693 1697 1729 sonantes

303 1756 461 1815 digesti
483 1764 606 1810 sunt‚
635 1765 892 1815 possent-ne
915 1755 969 1800 ad
1001 1771 1152 1801 eorum
1175 1757 1440 1811 sonantium,
1466 1755 1542 1817 qui
1564 1755 1696 1816 paulo

303 1828 559 1890 productius
606 1828 757 1872 eadem
797 1827 980 1872 iambica
1030 1827 1126 1887 lege
1175 1826 1450 1884 funduntur,
1510 1827 1696 1887 aspirare

301 1899 548 1962 judicium?
578 1902 628 1943 D.
660 1897 791 1944 Nullo
825 1899 972 1943 modo.
1007 1902 1067 1944 M.
1106 1899 1243 1958 Igitur
1267 1907 1445 1959 apparet
1466 1899 1545 1943 hos
1574 1914 1696 1943 mora

306 1982 572 2031 temporum,
594 1970 669 2030 qni
689 1968 924 2029 judicando
948 1969 1199 2030 praesident,
1220 1986 1309 2016 non
1331 1970 1485 2015 teneri.
1502 1973 1552 2015 D.
1572 1973 1696 2016 Pror—

305 2059 378 2089 sus
396 2051 589 2102 apparet.

365 2116 532 2157 XVIII.
549 2115 610 2156 M.
638 2118 766 2155 Recte
784 2112 953 2156 annuis.
977 2112 1061 2157 Sed
1083 2112 1116 2156 si
1132 2110 1252 2155 nulla
1271 2119 1538 2166 tenerentur,
1554 2126 1696 2172 quan-

311 2185 467 2230 tolibet
498 2183 775 2243 productius,
801 2182 1003 2241 legitimis
1025 2182 1262 2228 intervallis
1294 2181 1501 2226 iambicos
1522 2182 1693 2242 profer-

309 2272 401 2300 rem
434 2270 587 2309 sonos,
621 2253 904 2298 nihilominus
933 2253 987 2297 ad
1024 2253 1313 2313 judicandum
1346 2252 1690 2299 adhiberentur:

309 2343 428 2371 nunc
455 2342 557 2370 vero
587 2326 619 2369 si
644 2325 815 2369 ederem
840 2341 973 2369 unam
1003 2324 1212 2383 syllabam
1238 2333 1402 2384 quanta
1424 2340 1544 2368 mora
1565 2340 1693 2384 pera-

310 2408 472 2457 guntur
504 2400 520 2454 (
544 2413 598 2440 ne
632 2396 822 2440 multum
851 2396 1031 2454 dicam)
1062 2406 1145 2440 tres
1173 2412 1320 2456 passus
1354 2396 1616 2451 incedentis,
1650 2406 1694 2441 ct

310 2469 436 2512 aliam
460 2468 611 2527 duplo,
638 2477 769 2527 atque
791 2468 848 2510 ita
872 2467 1074 2527 deinceps
1098 2477 1185 2511 tam
1209 2466 1361 2526 longos
1384 2466 1548 2511 iambos
1571 2467 1691 2510 ordi-

315 2554 458 2582 narem
478 2575 487 2582 .
514 2537 651 2596 simpli
682 2547 723 2581 ‹=t
747 2536 867 2596 dupli
899 2537 963 2581 lex
995 2537 1062 2581 illa
1095 2536 1228 2580 nihilo
1266 2538 1400 2581 set-ins
1431 2546 1687 2591 servaretur,
1751 2544 1754 2546 ’
