1888 3168
304 199 386 239 544
738 212 770 237 s.
807 208 889 239 Am
900 211 1035 239 esum
1068 211 1247 239 EPIScom

301 276 481 319 verbum
501 274 618 319 aliud
633 276 752 335 quod
764 275 878 320 idem
893 275 1069 331 valeret,
1086 275 1161 320 sed
1175 289 1265 319 rem
1278 274 1414 334 ipsam
1428 275 1571 334 potius
1580 291 1679 336 quae

301 361 376 405 per
397 346 528 390 verba
552 346 865 405 significaretur
880 346 1167 392 ostenderem.
1187 349 1387 407 Cumque
1407 346 1453 390 id
1476 347 1679 391 sermoci-

300 417 504 460 nantibus
524 417 649 461 nobis
675 418 763 461 ficri
780 433 868 463 non
888 433 1010 477 posse
1024 418 1238 473 dixissem,
1267 426 1449 462 ventum
1471 426 1535 461 est
1556 416 1610 461 ad
1632 433 1681 462 ca

298 503 397 546 qua]
416 486 783 546 interrogantibus
794 487 929 546 digito
942 497 1251 532 monstrantur.
1269 491 1373 532 Haec
1387 503 1467 546 ego
1478 503 1680 548 corpora-

298 558 353 601 lia
368 573 455 602 csse
470 558 613 602 omnia
628 558 882 613 arbitrabar,
899 557 975 602 sed
990 557 1235 604 invenimus
1248 558 1336 604 sola
1350 557 1550 604 visibilia.
1568 558 1680 604 Hinc

300 629 443 673 nescio
457 629 679 690 quomodo
695 629 749 673 ad
763 628 915 674 surdos
929 638 971 673 ct
984 629 1212 674 histriones
1226 629 1494 685 devenimus,
1506 629 1681 690 quinon

298 700 403 756 sola,
420 717 518 761 quae
535 701 671 747 videri
688 710 883 761 possunt,
902 700 977 745 sed
994 701 1132 746 multa
1146 710 1353 761 praeterea
1368 717 1416 746 ac
1434 717 1570 762 prope
1583 717 1679 746 om-

298 772 368 815 nia
386 788 485 832 quae
503 771 740 833 loquimur,
763 780 886 831 gestu
902 772 993 816 sine
1009 786 1115 817 voce
1131 771 1398 830 significant,
1419 770 1592 817 eosdem
1615 780 1681 816 ta-

298 858 396 887 men
424 853 567 901 gestus
585 843 705 902 signa
734 858 823 888 csse
851 844 1156 903 comperimus.
1183 846 1294 888 Tum
1315 859 1460 889 rursus
1486 857 1681 906 quaerere

298 914 524 974 coepimus,
542 914 764 975 quomodo
781 929 846 959 res
859 915 985 974 ipsas,
1002 931 1101 976 quae
1113 915 1242 975 signis
1260 916 1574 975 significantur,
1590 916 1681 961 sine

298 985 397 1030 ullis
418 985 550 1044 signis
570 985 813 1031 valeremus
831 985 1074 1042 ostendere,
1097 1001 1198 1031 cum
1213 996 1256 1031 ct
1273 986 1346 1031 ille
1362 987 1516 1047 paries,
1537 996 1580 1032 et
1604 1003 1681 1033 co-

296 1055 459 1112 lor,.et
481 1073 610 1102 omne
635 1056 820 1113 visibile,
847 1058 967 1118 quod
996 1058 1238 1103 intentione
1266 1056 1389 1116 digiti
1411 1058 1678 1115 ostenditur,

295 1127 418 1186 signo
435 1129 627 1188 quodam
645 1130 975 1174 convinceretur
998 1128 1182 1174 ostendi.
1209 1130 1289 1174 Hic
1310 1145 1391 1189 ego
1414 1144 1559 1175 errans
1580 1145 1682 1176 cum

296 1199 480 1244 inveniri
495 1200 579 1244 tale
593 1200 701 1245 nihil
713 1216 835 1261 posse
848 1200 1065 1256 dixissem,
1081 1200 1258 1245 tandem
1274 1201 1387 1245 inter
1400 1217 1477 1246 nos
1490 1202 1683 1247 constitit

295 1286 343 1315 ca
361 1286 485 1331 posse
497 1271 783 1317 demonstrari
793 1272 884 1316 sine
899 1272 1037 1332 signo,
1057 1288 1157 1333 quae
1175 1283 1281 1318 cum·
1294 1289 1317 1317 a
1334 1272 1460 1317 nobis
1474 1288 1682 1334 (1111011111-

294 1352 382 1398 tur,
412 1358 502 1387 non
523 1342 712 1402 agimus,
737 1352 780 1388 et
807 1352 905 1404 post
926 1343 1250 1404 inquisitionem
1272 1358 1398 1404 agere
1427 1359 1679 1404 possumus,

296 1414 563 1459 locutionem
593 1424 740 1459 tamen
762 1430 813 1458 ex
847 1430 898 1459 eo
931 1430 1021 1460 non
1044 1430 1134 1459 esse
1157 1429 1312 1474 genere
1347 1435 1356 1460 :
1401 1414 1615 1475 siquidem
1637 1424 1682 1460 et

295 1484 522 1545 loquentes
551 1500 652 1529 cum
675 1485 995 1544 interrogamur
1015 1486 1123 1546 quid
1135 1486 1187 1530 sit
1208 1485 1387 1541 locutio,
1408 1486 1533 1529 istam
1545 1500 1623 1545 per
1636 1500 1680 1530 se

294 1555 431 1615 ipsam
452 1554 748 1600 demonstrare
762 1553 887 1599 facile
904 1570 993 1599 esse
1014 1556 1112 1600 satis
1128 1556 1346 1615 apparuit.

351 1627 450 1670 XX.
468 1629 532 1671 Ex
548 1641 637 1687 quo
650 1625 862 1670 admoniti
879 1641 1028 1670 sumus
1049 1634 1125 1670 aut
1140 1625 1271 1685 signis
1291 1626 1409 1684 signa
1433 1627 1678 1684 monstrari,

294 1706 369 1743 aut
390 1697 521 1756 signis
545 1695 649 1752 alia,
675 1713 774 1757 quae
796 1696 917 1756 signa
939 1712 1029 1741 non
1050 1705 1176 1752 sunt,
1197 1706 1272 1742 aut
1293 1697 1423 1742 etiam
1439 1697 1531 1742 sine
1560 1697 1682 1756 signo

293 1785 357 1814 res
380 1783 486 1829 quas
504 1783 630 1828 agere
647 1776 744 1828 post
764 1767 1146 1826 interrogationem
1162 1782 1389 1828 possumus
1411 1768 1681 1828 :horumque

296 1841 424 1884 trium
434 1840 624 1900 primum
633 1837 705 1882 dili
711 1838 880 1897 gentius
896 1837 1261 1883 considerandum
1269 1837 1680 1900 discutiendumque

293 1911 574 1970 suscepimus.
592 1912 686 1962 Qua
710 1908 1005 1968 disputatione
1029 1908 1297 1953 declaratum
1321 1918 1384 1954 est
1410 1910 1569 1969 partim
1590 1925 1681 1955 esse

293 1983 429 2043 signa,
455 1998 554 2043 quse
575 1981 630 2025 ab
660 1980 717 2025 eis
737 1980 866 2039 signis
888 1997 988 2041 quae
1015 1980 1331 2039 significarent,
1358 1981 1584 2039 significari
1611 1982 1679 2027 vi-

291 2054 431 2099 cissim
450 2069 541 2098 non
556 2060 750 2112 possent,
775 2060 825 2095 ut
847 2061 910 2096 cst
930 2053 1013 2096 1100
1032 2051 1408 2113 quadrisyllabum
1424 2067 1547 2108 cum,
1571 2068 1679 2098 con-

290 2125 435 2185 juntio
453 2160 463 2180 ,
489 2123 671 2168 dicimus
701 2141 708 2167 :
739 2123 897 2183 partim
922 2139 1022 2184 quae
1055 2131 1252 2183 possent,
1277 2131 1327 2167 ut
1343 2138 1445 2168 cum
1463 2123 1647 2170 dicimus
1663 2160 1676 2181 ,

291 2197 483 2255 signum,
524 2196 653 2240 etiam
684 2195 869 2239 verbum
900 2194 1214 2253 significamus,
1254 2203 1297 2239 ct
1326 2210 1428 2239 curn
1469 2193 1676 2253 dicimus,

290 2267 474 2312 verbum
492 2301 502 2321 ,
522 2266 651 2310 etiam
673 2265 847 2324 signum
865 2265 1176 2324 significamus3
1200 2280 1300 2310 nam
1324 2266 1496 2325 signum
1518 2275 1561 2311 et
1580 2283 1679 2313 ver-

291 2340 414 2394 bum,
440 2349 480 2382 et
502 2337 590 2383 duo
615 2338 733 2397 signa
751 2373 762 2393 ,
783 2347 826 2381 et
846 2336 934 2382 duo
956 2337 1087 2382 verba
1110 2346 1224 2383 sunt.
1250 2340 1303 2382 In
1324 2338 1408 2383 hoc
1437 2347 1583 2383 autem
1604 2355 1678 2399 ge-

291 2426 392 2454 nere
405 2445 415 2465 ,
453 2426 541 2470 quo
578 2409 763 2453 invicem
792 2424 835 2453 se
875 2409 998 2468 signa
1028 2409 1271 2469 significant
1295 2444 1306 2465 ,
1348 2409 1549 2470 quaedam
1585 2427 1676 2456 non

292 2491 482 2537 tantum,
525 2480 727 2542 quaedam
750 2490 920 2525 tantum
945 2517 956 2536 ,
997 2481 1197 2542 quaedam
1240 2497 1342 2526 vero
1378 2481 1507 2544 etiam
1558 2481 1676 2529 idem

287 2553 428 2600 valere
460 2562 749 2599 monstratum
785 2561 862 2603 est.
900 2552 1074 2597 Etenim
1115 2553 1198 2598 hoc
1230 2552 1521 2612 disyllabum,
1550 2554 1674 2615 quod
